4364 5754
889 630 930 648 ..
990 599 1032 667 29
1093 627 1134 645 .-

151 757 248 823 liaec
267 760 401 824 nonnisi
428 760 487 838 iis,
520 778 604 844 quae
631 762 667 823 in
695 759 883 845 parenthesi
909 763 1017 849 posita
1042 763 1128 826 nihil
1153 759 1247 826 aliud
1275 782 1374 846 quam
1394 766 1498 828 ritum
1525 766 1712 830 accuratius
1733 766 1870 831 delinire

145 874 318 955 videntur,
339 876 482 956 abillis,
504 899 589 961 quae
610 878 672 958 Vl,
684 899 715 959 a,
727 883 775 947 17.
796 880 964 968 leguntur,
994 879 1252 946 differuntribi
1279 901 1361 945 vero
1381 881 1531 946 additum
1558 892 1607 946 est
1627 883 1723 967 capis
1735 887 1870 966 perdita
1952 931 1956 937 -

147 995 248 1078 dupla
278 997 360 1075 aits,
391 1016 487 1062 sana
514 996 613 1078 dupla
640 1000 722 1074 aits,
752 1017 816 1084 pro
845 1000 995 1064 destraco
1019 1002 1169 1081 persi-
1190 990 1316 1082 cepisse
1340 1018 1436 1082 perso
1463 1012 1558 1064 osata
1578 1000 1757 1082 v1,a,2t.‚
1780 1001 1868 1086 quod

147 1113 197 1176 sic
217 1114 423 1199 explicatur:
445 1134 511 1179 ean
530 1118 615 1181 nani
633 1127 746 1181 nertrs
773 1121 876 1184 territa
896 1118 974 1194 (ean
994 1139 1087 1183 nana
1106 1121 1243 1184 sinistra
1265 1120 1401 1195 tenetojr
1432 1123 1546 1202 arnipo
1568 1123 1700 1186 vestiris
1720 1123 1867 1200 nesticae,

147 1234 276 1313 eapirao
304 1232 422 1297 sabota
453 1234 651 1318 (prinsquam
678 1235 826 1301 libamine
846 1237 1006 1312 libaveris,
1036 1238 1148 1320 capide
1175 1237 1386 1321 supplicato:
1419 1241 1485 1304 iaec
1508 1237 1677 1319 pers(t)ieo
1702 1258 1776 1304 enos
1795 1240 1867 1304 dita
1928 1269 1930 1272 >

145 1350 233 1427 (iten
254 1350 425 1416 lustrando
446 1355 692 1418 incantationem
714 1354 842 1430 dicito).
1480 1419 1482 1424 .

308 1473 361 1538 30.
403 1464 527 1534 Verbis
546 1465 631 1536 sarrs
650 1468 759 1560 σακρα
780 1492 857 1538 asra
869 1473 930 1554 IV,
942 1474 1035 1554 aas.
1047 1471 1184 1538 additur
1201 1473 1333 1540 Fronte
1352 1474 1443 1540 Fara
1463 1472 1558 1558 ardo,
1579 1476 1675 1565 aias,
1697 1495 1763 1559 quo
1785 1473 1864 1559 quid

142 1586 361 1674 significetur,
393 1591 573 1673 eseptima
595 1589 707 1652 tabula
728 1589 893 1654 discimus.
937 1594 1096 1680 Legimus
1118 1594 1206 1655 euim
1226 1591 1304 1673 VII,
1316 1613 1346 1671 a,
1355 1593 1386 1660 7.
1408 1590 1534 1670 eadem,
1556 1613 1639 1676 quae
1660 1591 1723 1672 Vl,
1733 1597 1795 1673 a,3
1814 1614 1862 1676 sq.

142 1707 269 1791 scripta
288 1716 375 1786 sunt,
396 1708 461 1769 nisi
483 1705 572 1791 quod
592 1707 641 1770 ibi
661 1720 875 1795 praeceptum
894 1711 1076 1774 nandraclo
1098 1710 1189 1791 disne
1198 1710 1306 1774 desire
1325 1709 1440 1776 habitu
1459 1710 1716 1793 (mandragoran
1727 1710 1864 1793 duplicis

140 1833 277 1888 naturae
304 1825 418 1889 dextri
445 1824 575 1905 habeta)
603 1823 753 1889 additum
782 1838 840 1892 est.
884 1828 992 1908 Tum,
1023 1830 1102 1913 quia
1125 1826 1289 1910 peranda)
1317 1827 1389 1909 seta
1410 1826 1471 1907 Vl,
1484 1848 1514 1907 a,
1525 1832 1556 1895 3.
1578 1826 1667 1891 idem
1687 1829 1863 1915 significat,

141 1940 231 2024 quod
249 1961 343 2008 σθπα
362 1962 471 2024 asnaa
490 1942 634 2025 (wlfere
653 1945 832 2027 sulfurato)
853 1945 914 2027 IV,
926 1946 959 2026 b,
971 1949 1034 2025 17.,
1057 1927 1167 2010 verbis
1186 1947 1363 2027 proaesetir
1383 1945 1505 2018 etruria
1525 1945 1602 2030 ficia
1622 1948 1764 2009 arsoeita
1783 1944 1861 2024 Vll,

103 2085 106 2091 ²
139 2063 214 2140 a,8.
236 2057 373 2124 additur
392 2081 452 2143 ape
471 2082 551 2144 rapo
571 2073 685 2145 pastro
702 2060 957 2147 pepejrjscvsuj,
987 2062 1075 2126 uude
1096 2063 1313 2151 intelligitur,
1342 2065 1443 2127 etiam
1471 2084 1562 2128 asna
1582 2061 1714 2148 acarde
1734 2059 1862 2151 aedera

140 2177 290 2276 V,a,32.
311 2177 400 2242 idern
420 2181 619 2267 siguificare,
642 2181 733 2266 quod
753 2202 845 2248 aaran
864 2200 973 2265 aspera
993 2182 1065 2244 sivo
1084 2179 1208 2271 napata
1229 2181 1404 2270 passaw,
1417 2184 1509 2261 a,28.
1545 2181 1597 2245 Ne
1618 2194 1730 2246 autern
1748 2163 1862 2264 pastro
1986 2210 1992 2217 ·

137 2293 385 2383 relucendo:
410 2316 473 2381 pro
495 2301 628 2361 nomine
655 2297 819 2380 adjectivo
846 2301 1057 2384 accipiamus,
1086 2297 1176 2382 quod
1196 2298 1238 2362 ad
1258 2320 1338 2383 rapo
1359 2300 1414 2365 vel
1435 2321 1550 2365 aaran
1576 2302 1762 2364 accuratius
1783 2299 1861 2363 defi·

136 2411 296 2477 niendum
318 2413 470 2496 addatur,
492 2401 768 2507 quemadmodum
788 2417 935 2482 ablativo
955 2436 1058 2493 oense
1069 2416 1097 2496 I,
1108 2419 1139 2484 8.
1153 2414 1357 2496 adjectivum
1378 2438 1500 2493 aevae
1520 2417 1574 2480 vel
1596 2417 1759 2503 singulari
1769 2437 1860 2482 cana

135 2532 164 2610 1,
178 2536 227 2600 17.
249 2529 450 2622 adjectivum
473 2531 568 2599 laia
588 2533 868 2623 (integro),atque
890 2535 1018 2597 nomini
1038 2532 1171 2623 naaria
1181 2535 1226 2615 V,
1239 2536 1272 2615 b,
1286 2540 1336 2603 19.
1348 2532 1440 2598 aliud
1461 2554 1580 2599 nomeu
1600 2534 1858 2626 accredere,

110 2648 192 2713 ‘cai
218 2649 450 2741 aconensis
476 2651 521 2728 V,
533 2651 565 2729 b,
579 2653 628 2714 15.
658 2653 848 2735 oppositum
874 2662 942 2731 est,
971 2649 1122 2743 additur,
1152 2672 1330 2717 monemur
1356 2663 1390 2718 et
1417 2653 1564 2717 ablativo
1590 2672 1669 2734 sopa
1695 2653 1754 2734 VI,
1766 2674 1795 2733 a,
1807 2654 1857 2719 17.

133 2767 212 2847 VII,
225 2789 255 2847 a,
265 2772 319 2837 38.
342 2780 375 2831 et
396 2769 543 2831 ablativo
560 2778 675 2849 poetro
696 2768 775 2848 Vll,
786 2789 817 2848 a,
828 2771 878 2837 ta.
891 2745 943 2835 tt.
972 2771 1044 2834 sive
1064 2768 1229 2860 naaria
1249 2771 1313 2851 lv,
1323 2791 1354 2851 a,
1365 2774 1416 2837 at.
1427 2774 1491 2849 36,
1513 2772 1632 2854 quibus
1653 2770 1738 2834 nihil
1760 2790 1856 2856 prae·

133 2895 225 2950 terea
245 2885 392 2948 additur.
435 2885 511 2947 lam
531 2905 612 2949 vero
633 2888 670 2947 in
689 2887 829 2970 septima
851 2886 1066 2951 abnuisse
1087 2886 1154 2950 duo
1174 2889 1238 2952 sibi
1259 2898 1489 2974 opponunturr

172 3003 251 3083 VII,
264 3024 294 3082 a,
326 3005 347 3072 8
367 3025 413 3086 sq.
436 3003 539 3068 Enon
556 3004 667 3084 pescia
709 3021 827 3068 rasam
846 3009 1007 3070 vestientes
1026 3004 1176 3071 Prestote
1192 3003 1311 3091 *Serfie
1327 3001 1459 3087 *Serfer
1477 3008 1628 3086 Martia,

171 3122 250 3200 Vll,
262 3142 293 3200 a,
305 3124 346 3189 23
366 3142 413 3205 sq.
434 3121 537 3186 Enom
558 3142 677 3186 rucene
694 3123 823 3204 perseia
844 3126 1001 3189 aesticata
1021 3122 1172 3189 Prestotc
1189 3121 1307 3210 *Serfie
1323 3120 1454 3204 *Serfer
1473 3127 1627 3202 Martier,

418 3240 507 3304 Tum
528 3241 723 3305 lustratione
744 3244 819 3303 ruri
861 3243 963 3307 libato
1006 3243 1174 3307 Prestatae
1192 3239 1330 3306 *Serfiae
1348 3239 1446 3307 ”Serti
1465 3243 1596 3323 Martii,

170 3359 291 3440 Vll,a‚
321 3363 353 3425 9.
425 3358 849 3440 poplapertotarh'ooa‘ner,
863 3362 1130 3441 totaperlavinar
1143 3359 1849 3442 enonoescliradrirraeene-persnr'linss
1986 3369 1990 3377 ’

169 3478 343 3556 v11‚s,24
358 3473 413 3558 sq.
426 3477 584 3557 poplaper
595 3479 850 3559 totarljovinar,
864 3488 992 3560 totaper
1002 3480 1132 3544 levina:
1146 3499 1255 3542 ennon
1265 3479 1381 3544 nesciir
1392 3480 1468 3565 alfir
1649 3482 1819 3562 persnina.

353 3614 416 3679 pro
427 3594 550 3679 populo
561 3597 662 3658 totius
674 3595 844 3683 Iguvinae‚
856 3616 918 3681 pro
931 3607 1000 3661 tota
1012 3597 1170 3686 Iguvina:
1184 3608 1254 3662 tum
1265 3601 1300 3660 in
1312 3600 1454 3664 vasculis
1467 3600 1548 3661 atris
1559 3599 1671 3675 (albis)
1684 3607 1847 3681 precator.

127 3712 249 3778 Eodem
270 3711 369 3776 modo
391 3715 426 3775 ia
447 3714 590 3777 vasculis
614 3717 697 3778 atris
718 3725 752 3777 et
779 3715 874 3794 albis,
906 3715 1026 3798 quibus
1054 3736 1156 3797 quum
1177 3715 1298 3795 Vll,a‚
1312 3720 1362 3780 21.
1386 3727 1419 3778 et
1437 3719 1489 3781 34.
1517 3714 1716 3793 adjectivum
1741 3714 1850 3795 plener

126 3831 284 3910 addatur,
301 3831 413 3894 verbis
433 3830 563 3896 Fennis
583 3833 669 3897 Fara
691 3832 752 3911 IV,
765 3852 795 3911 a,
808 3837 859 3899 29.
883 3843 917 3896 et
926 3836 977 3899 37.
1001 3833 1129 3894 lancem
1149 3842 1296 3895 saturam
1318 3832 1484 3919 designari
1505 3842 1597 3913 puto,
1618 3849 1734 3914 preces
1753 3849 1848 3914 repe·

126 3961 255 4028 tantur,
283 3951 473 4034 praemissis
494 3950 530 4011 iu
551 3948 659 4012 altero
681 3948 756 4010 loco
778 3948 857 4028 VII,
870 3970 901 4028 a,
912 3953 961 4016 25.
983 3950 1096 4012 verbis
1105 3973 1122 4031 ³.
1146 3965 1281 4030 superne
1309 3950 1388 4013 adro
1411 3949 1568 4032 traloorfi
1596 3949 1743 4012 andenda
1762 3948 1794 4014 h.
1818 3968 1846 4010 e.

125 4087 272 4150 superne.
287 4077 390 4130 atram
421 4066 619 4143 (vasculum)
647 4071 849 4131 transversim
876 4069 1039 4148 imponito.
1083 4067 1162 4130 Post
1190 4087 1304 4152 preces
1330 4079 1441 4132 autem
1469 4066 1603 4130 additur
1633 4077 1846 4151 praeceptum

124 4185 203 4264 Vll,
215 4188 297 4264 ajat
310 4194 344 4248 et
354 4188 404 4252 aa
428 4175 515 4248 enon
537 4186 705 4263 aestinatae,
719 4181 974 4266 alatripvrsata,
987 4183 1075 4266 quod
1091 4189 1126 4247 iu
1147 4186 1255 4249 altero
1277 4186 1537 4264 locoV11,a,37
1557 4207 1625 4269 sqq.
1648 4184 1762 4248 eadem
1776 4187 1846 4248 iere

122 4305 225 4368 verba
246 4305 426 4387 excipiunt,
443 4302 601 4385 quaejam
620 4304 655 4364 in
675 4305 779 4365 sacris
790 4303 857 4366 l'isi
868 4300 980 4365 Sancii
992 4301 1071 4383 Vll,
1083 4324 1113 4381 a,
1127 4307 1166 4370 16
1177 4325 1245 4386 sqq.
1258 4304 1408 4391 legimus,
1431 4306 1560 4367 omissis
1571 4302 1782 4366 modoverbis
1789 4302 1843 4383 pe·¹

121 4415 190 4487 arla
201 4441 285 4485 sena
295 4421 502 4498 (lustratione
518 4422 710 4499 venerator),
722 4421 856 4483 insertis
867 4430 985 4484 contra
998 4421 1072 4503 traf
1079 4421 1222 4486 sahdtan
1234 4432 1287 4485 eta
1298 4421 1462 4500 Vll,a,aa
1474 4423 1572 4499 (lacte
1584 4431 1714 4485 sacrato
1724 4421 1841 4504 agito).
1856 4458 1857 4463 κ

284 4543 335 4607 31.
377 4538 429 4602 An
463 4537 537 4619 tras
563 4537 708 4603 saiatan
730 4548 783 4603 etv
804 4537 893 4602 idem
915 4541 1115 4626 significet,
1142 4538 1231 4624 quod
1254 4537 1318 4628 τρα
1351 4541 1464 4605 exFrvc
1487 4561 1572 4627 aava
1606 4539 1704 4618 (lacte
1728 4543 1842 4621 equino

118 4660 238 4740 facito)
250 4657 295 4730 V,
308 4678 339 4736 a,
352 4656 416 4733 ta,
434 4655 587 4739 equidem
606 4658 738 4736 nesci03
758 4655 817 4720 sed
838 4676 904 4720 non
925 4656 1062 4721 differre
1083 4657 1296 4743 praeceptura
1319 4657 1414 4732 trado
1432 4658 1576 4722 saltatan
1596 4668 1726 4721 reverta
1744 4657 1842 4731 (laete

118 4786 249 4845 sacena
261 4774 427 4858 conpleta)
437 4773 518 4854 VII,
529 4796 561 4854 a,
571 4778 621 4843 aa.
635 4775 714 4839 inde
733 4777 959 4863 cognoscitur,
982 4774 1071 4859 quod
1083 4775 1161 4856 Vll,
1174 4796 1204 4856 a,
1213 4774 1267 4843 39.
1282 4779 1434 4860 sequitur
1444 4777 1603 4860 protasis:
1615 4796 1674 4857 ape
1684 4774 1780 4838 traha
1790 4796 1839 4838 sa·

115 4897 197 4963 iata
216 4906 366 4963 revortar
378 4897 565 4978 'spastqaan
586 4895 669 4962 lacte
690 4904 819 4961 sacrato
843 4894 1076 4976 conpleveris),·
1097 4903 1324 4974 verumtanjen
1342 4893 1403 4974 lV,
1414 4913 1444 4974 a,
1456 4895 1508 4962 3&
1518 4891 1604 4956 nihil
1626 4895 1689 4957 nisi
1706 4894 1841 4974 Σαταμε
