4364 5754
950 592 1155 658 -13-

189 758 259 826 AD.
283 756 466 822 CIRCVM.
490 756 547 819 ET
561 752 572 837 ll
585 752 821 818 FORNICEM.
846 751 1140 836 CISTERNAMQ.
1164 755 1204 816 D.
1228 752 1262 818 S.
1283 749 1912 836 s.nrACIVN1)VM.001uAVu1tu.

189 880 238 940 sic
259 875 507 962 iuterpretanda
528 885 593 938 est:
626 874 797 937 Postumus
817 873 1010 952 Mimesius,
1044 872 1119 953 Gaji
1140 873 1245 954 filius,
1282 873 1323 936 T.
1346 873 1539 954 Mimesius,
1570 872 1664 938 Sexti
1685 877 1788 955 lilius,
1821 876 1915 940 Nero

190 994 345 1082 Capidas,
378 994 453 1075 Gaji
480 995 587 1073 filius,
618 994 740 1072 Rufus,
774 991 866 1055 Nero
898 992 1053 1070 Babriua,
1075 991 1147 1054 Titi
1167 992 1272 1071 filius,
1306 992 1407 1070 Gaius
1428 990 1585 1077 (lapidas,
1615 993 1687 1056 Titi
1709 995 1816 1073 lilius,
1839 993 1915 1075 Gaji

188 1134 307 1199 nepos,
329 1112 461 1176 Volero
483 1112 679 1190 Volsienus,
702 1110 774 1174 Titi
795 1110 903 1189 filius,
934 1109 1109 1189 Marones,
1142 1130 1275 1171 murum
1295 1110 1337 1171 ab
1358 1113 1487 1173 fornice
1508 1110 1550 1173 ad
1570 1115 1716 1191 circum,
1755 1124 1789 1176 et
1810 1116 1914 1176 forni-

56 1260 66 1273 ·
188 1251 260 1295 cem
281 1233 522 1314 cisternamque
545 1228 584 1292 de
603 1249 664 1292 suo
685 1240 819 1313 sumptu
838 1226 1031 1290 faciundum
1053 1248 1221 1292 curavere.
1265 1229 1314 1289 Ex
1334 1228 1396 1290 hac
1417 1231 1633 1313 inscriptione
1653 1241 1779 1310 autem,
1812 1251 1915 1313 quum

187 1351 392 1413 mentio,fiat
413 1348 457 1410 V.
480 1347 634 1410 Volsieni
655 1357 689 1410 et
707 1346 788 1410 Ner.
812 1346 941 1427 Babrii,
968 1346 1008 1409 T.
1032 1347 1111 1426 lilii,
1137 1348 1336 1426 Maronum,
1365 1367 1443 1435 gens
1463 1347 1617 1410 Vestinia
1636 1367 1717 1410 vero
1740 1351 1776 1409 in
1796 1352 1915 1410 inscri-

186 1470 300 1552 ptione
320 1467 460 1545 Brusae,
492 1487 558 1529 non
579 1466 697 1550 procul
719 1485 739 1526 a
761 1465 888 1540 Bastia,
913 1474 1046 1548 reperta
1074 1465 1205 1548 legatur
1225 1462 1314 1547 apud
1335 1464 1552 1552 Vermiglioli
1574 1464 1721 1543 (antiche
1741 1467 1914 1528 iscrizioni

186 1583 369 1671 Perugine,
402 1583 486 1650 edin.
509 1584 552 1647 ΙΙ.
578 1581 627 1647 Cl.
651 1580 695 1661 X,
718 1603 768 1643 nr.
793 1584 879 1661 tt),
911 1582 973 1643 illa
994 1585 1083 1666 cippi
1114 1584 1287 1666 inscriptio
1309 1583 1515 1660 illustratur,
1549 1603 1633 1666 quae
1659 1603 1688 1644 a.
1713 1584 1803 1650 1⁷40.
1825 1586 1915 1646 inter

185 1702 329 1766 Bestiam
355 1713 388 1765 et
407 1701 567 1764 Assisium
594 1712 728 1786 reperta
756 1702 822 1780 jam
848 1698 935 1784 apud
955 1699 1082 1764 Murat.
1105 1698 1240 1779 MMCI,
1261 1702 1291 1764 4.
1315 1709 1349 1762 et
1368 1699 1493 1788 Maffej.
1521 1701 1609 1764 Mus.
1638 1700 1765 1767 Veron.
1790 1699 1913 1781 CXIV,

185 1823 369 1884 correctior
389 1841 469 1883 vero
491 1823 527 1881 in
547 1820 627 1880 libri
648 1817 925 1906 Vermiglioliani
945 1819 1044 1880 initio
1064 1816 1199 1903 legitur.
1360 1824 1362 1828 '

351 1940 399 2002 12.
445 1936 568 2023 Cippus
589 1935 768 1999 secuudum
789 1934 1002 2019 Simplicium
1022 1938 1057 1998 ln
1080 1933 1240 1998 Goesiana
1261 1920 1524 2023 agrimensorum
1547 1938 1744 2001 collectione
1764 1956 1837 2023 pag.
1860 1939 1912 2004 88.

183 2057 220 2116 in
240 2075 277 2118 re
298 2059 430 2143 agraria
457 2066 505 2118 est
535 2057 694 2117 terminus
715 2053 757 2116 ad
777 2052 1010 2116 discernendos
1031 2074 1191 2141 agrorum
1210 2055 1292 2116 fines
1314 2056 1530 2133 constitutus,
1567 2049 1657 2143 ἱερὸς
1678 2049 1756 2143 ὅρος
1777 2052 1913 2132 Suidae,

183 2193 314 2236 sacrum
345 2171 454 2234 medio
487 2171 527 2235 de
558 2173 666 2234 limite
696 2193 812 2234 saxum
843 2169 931 2255 apud
950 2170 1069 2239 Juven.
1092 2169 1187 2252 XVI,
1208 2173 1260 2239 38.
1284 2182 1317 2235 et
1348 2173 1444 2235 limes
1472 2193 1552 2260 agro
1582 2176 1726 2258 positus,
1760 2173 1854 2235 litem
1875 2181 1914 2234 ut

183 2288 385 2353 discerneret
405 2294 513 2369 arvis,
535 2290 622 2375 apud
642 2271 741 2377 virg.
764 2289 803 2351 A.
826 2288 903 2367 XII,
925 2290 1020 2375 898..
1041 2290 1180 2370 Limiti,
1215 2294 1274 2373 qui
1302 2311 1321 2352 a
1341 2289 1482 2353 meridie
1510 2288 1552 2351 ad
1573 2295 1831 2377 septentrionem
1853 2288 1913 2353 du·

182 2408 337 2486 cebatur,
370 2408 514 2471 cardinis
536 2429 655 2471 nomen
684 2407 827 2470 inditum
849 2417 897 2470 est
918 2426 937 2468 a
957 2405 1072 2468 mundi
1094 2406 1245 2487 cardine,
1279 2418 1318 2470 ut
1338 2409 1494 2496 Hyginus
1525 2406 1680 2472 admonet
1711 2413 1809 2473 initio
1830 2408 1912 2470 libri

182 2523 223 2587 de
243 2527 407 2590 limitibus
427 2525 678 2590 constituendis:
712 2525 799 2588 uude
820 2524 948 2587 Plinius
969 2526 1014 2588 H.
1035 2524 1080 2588 N.
1102 2522 1232 2602 XVIII,
1254 2530 1294 2592 76
1315 2528 1402 2605 (33):
1437 2570 1460 2604 „
1471 2525 1595 2588 Contra
1616 2526 1758 2588 mediam
1779 2529 1910 2604 faciem,

179 2648 247 2724 ait,
279 2644 499 2724 meridies,
532 2666 550 2707 a
581 2647 708 2707 vertice
737 2644 982 2728 septentrio
1015 2645 1096 2704 erit:
1130 2645 1188 2725 qui
1208 2645 1257 2704 ita
1277 2643 1372 2704 limes
1393 2661 1455 2726 per
1482 2663 1600 2730 agrum
1623 2647 1749 2722 currit,
1783 2642 1910 2706 cardo

179 2763 402 2848 appellatur.“
446 2765 559 2846 Itaque
581 2765 754 2846 inscriptio
777 2764 868 2844 cippi
889 2763 936 2822 sic
957 2759 1115 2823 vertenda
1142 2768 1205 2820 est:

341 2880 465 2944 AGER.
516 2878 641 2943 EMPS.
686 2879 742 2940 ET
766 2875 777 2960 ΙΙ
803 2875 1024 2942 TERMNAS.
1087 2873 1220 2959 ΟΗΤΙΙ
1338 2876 1375 2941 C.
1482 2879 1527 2942 V.
1552 2877 1762 2942 VISTINIE.

362 3000 452 3086 Ager
514 3009 642 3082 emptus
695 3006 728 3060 et
769 2998 964 3059 terminatus
986 2995 1062 3075 (est)
1082 2995 1290 3079 ut(rimque)
1341 2993 1377 3059 C.
1400 2997 1461 3078 (et)
1483 2997 1527 3060 V.
1551 2998 1723 3078 Vestiniis,

341 3116 440 3180 NER.
526 3115 567 3181 T.
589 3113 700 3177 BABR
723 3111 735 3196 ΙΙ
759 3113 928 3178 MARON.
981 3114 1063 3177 MEI
1088 3110 1099 3196 ΙΙ
1163 3113 1408 3182 VOIS..NER.
1438 3116 1520 3182 PRO
1543 3116 1656 3182 PART
1677 3118 1710 3180 K
1732 3123 1743 3196 11

341 3235 424 3301 Ner.
447 3232 510 3314 (et)
532 3235 572 3301 T.
595 3234 723 3296 liabriis
744 3231 960 3311 Maronibus,
982 3253 1034 3296 me
1045 3231 1160 3310 (ridie)
1181 3234 1366 3314 Volsienis,
1439 3254 1502 3321 pro
1543 3237 1638 3321 parte
1680 3233 1859 3314 k(ardinis)

339 3355 380 3417 T.
485 3347 1179 3432 v.volsluNERnsAcur.STA11v.
1753 3352 1756 3358 '

339 3473 379 3536 T.
403 3474 463 3552 (et)
484 3472 527 3534 V.
550 3471 729 3535 Volsienis.
851 3468 954 3533 Sacer
995 3480 1059 3533 stet
1079 3470 1235 3555 (cippus).

175 3589 365 3655 Notandum
384 3602 432 3655 est
452 3589 630 3674 asyndeton
652 3591 687 3650 in
709 3588 995 3674 praenominibus,
1026 3609 1109 3672 quae
1130 3587 1247 3651 desunt
1268 3599 1343 3652 ante
1363 3587 1482 3654 VOIS.
1495 3589 1613 3668 .NER,
1636 3601 1669 3652 et
1690 3589 1778 3673 quod
1799 3608 1907 3673 emps

175 3721 216 3774 et
237 3721 419 3773 termnas
441 3713 602 3794 scriptum
623 3710 667 3772 sit
687 3728 749 3792 pro
771 3718 931 3792 emptus
954 3717 992 3770 et
1014 3710 1266 3770 terminatus
1287 3719 1361 3771 est.
1404 3707 1461 3771 Sic
1483 3707 1570 3791 apud
1591 3708 1814 3771 Phavorinum
1837 3699 1906 3770 εὖ·

175 3821 333 3910 δάμνας
355 3826 480 3890 Graece
502 3847 564 3910 pro
585 3817 849 3908 εὖδάμαστος
869 3823 1044 3903 laudatur,
1072 3835 1105 3888 et
1125 3823 1215 3909 apud
1235 3827 1399 3889 Romanos
1420 3825 1582 3888 damnas
1603 3844 1666 3909 pro
1686 3824 1906 3887 damnatus

176 3951 275 4010 etiam
297 3966 372 4009 cum
394 3946 520 4031 plurali
541 3945 812 4023 construebatur,
834 3947 920 4006 sicut
941 3944 1087 4006 libens.
1132 3942 1416 4024 Quemadmodum
1437 3947 1526 4006 enim
1543 3945 1720 4006 Frontinus
1741 3941 1782 4006 de
1802 3963 1906 4027 aquae

174 4062 264 4127 duct.
285 4064 328 4125 II.
352 4064 428 4144 „Is,
457 4066 525 4141 ait,
558 4062 590 4124 P.
615 4062 652 4125 lt.
676 4061 712 4123 C.
737 4064 845 4124 millia
872 4060 952 4124 dare
973 4061 1136 4124 damuae
1157 4061 1294 4142 esto,“
1319 4065 1368 4124 sle
1389 4062 1509 4124 Paulus
1536 4072 1570 4125 et
1590 4060 1750 4156 Scaerola
1770 4065 1806 4124 iu
1827 4063 1904 4151 urg.

174 4182 234 4246 lib.
256 4178 369 4259 XXX,
392 4183 456 4268 leg.
487 4187 535 4248 19.
570 4191 604 4244 et
629 4181 687 4243 lib.
711 4178 856 4259 XXXII,
872 4181 951 4268 leg.
974 4183 1025 4246 33.
1055 4184 1090 4242 in
1112 4182 1313 4243 testamentis
1344 4190 1379 4242 et
1411 4180 1539 4268 legibus
1570 4181 1715 4243 formula
1746 4192 1904 4244 utuntur=

113 4332 117 4344 ·
172 4301 237 4379 „L.
261 4299 371 4362 Titius
402 4311 435 4363 et
456 4299 491 4363 C.
513 4298 608 4378 Sejus
629 4299 663 4360 P.
686 4297 823 4384 Maeuio
855 4296 969 4362 decem
999 4298 1080 4361 dare
1112 4297 1276 4362 damnas
1308 4297 1484 4379 sunto;“
1517 4311 1551 4365 et
1571 4299 1848 4385 quemadmodum
1869 4302 1904 4362 in

172 4421 389 4504 inecrIptionc
410 4421 533 4481 minori
554 4416 641 4504 apud
651 4417 830 4480 Miloniam
852 4420 888 4478 in
898 4417 1021 4480 Marsis
1043 4417 1169 4481 detecta
1189 4416 1330 4481 dicitur:
1354 4418 1462 4497 „Vati
1474 4419 1747 4485 DIvaeVesunae
1769 4421 1904 4482 Erinius

173 4546 208 4600 et
223 4539 344 4600 Erinus
365 4547 459 4621 pater
480 4535 566 4599 douo
588 4537 728 4600 militari
749 4539 902 4612 (fortasse
923 4534 1086 4612 dedere)
1108 4533 1298 4616 libens,“
1319 4539 1367 4598 sic
1388 4536 1476 4621 apud
1487 4537 1584 4602 Grut
1597 4536 1725 4617 XXIII,
1742 4542 1772 4603 2.
1817 4536 1901 4617 „Cn

171 4645 347 4719 Cornelius
370 4654 522 4736 Charite,
549 4655 780 4735 A.,Timiuius
801 4654 996 4734 Ianuarius,
1031 4653 1167 4717 Silvano
1189 4655 1331 4718 libens
1352 4659 1463 4719 animo
1485 4654 1572 4720 dono
1594 4655 1785 4736 dedere,“
1806 4666 1904 4739 atque

172 4774 208 4832 in
228 4777 315 4836 votis
336 4773 501 4837 solvendis
524 4770 687 4853 XXXVI,
711 4779 741 4840 1.
776 4771 875 4853 „Soli
895 4770 1110 4836 sanctissimo
1132 4793 1272 4835 sacrum.
1316 4774 1370 4836 Ti.
1396 4773 1555 4836 Claudius
1586 4774 1678 4836 Felix
1710 4786 1744 4838 et
1765 4771 1904 4836 Claudia

43 4896 51 4910 ‘
172 4889 291 4976 Helpis
321 4903 354 4957 et
375 4892 429 4959 Ti.
452 4891 609 4957 Claudius
630 4892 772 4978 Alypus,
792 4894 840 4960 iil.
863 4912 998 4973 eorum,
1023 4902 1136 4957 votum
1157 4892 1382 4956 solverunt
1403 4894 1539 4956 libens
1560 4891 1734 4973 merito,“
1755 4889 1848 4971 XLI,
1871 4897 1900 4959 7.
