4364 5754
970 584 1332 655 --13-Ι

239 743 434 838 Ἐπίχαρμος
453 747 613 816 Ὀδυσσεῖ·
635 747 729 816 Ἀλλὰ
750 746 807 816 καὶ
826 744 940 841 ῥέζει
958 750 997 826 las
1021 752 1157 837 xpuipu,
1178 747 1250 820 dori
1277 747 1337 822 roi
1362 759 1518 838 βάπτει.
1557 750 1678 845 Ῥέγος
1702 745 1761 822 οὖν
1786 749 1855 819 ἐστὶ
1884 743 1937 813 καὶ

239 860 917 959 pisos,dcuapisipitopsttsop
943 864 1203 960 καὶρηξήνωρ.
1246 873 1428 957 Hesychius
1458 896 1539 940 vero
1577 877 1738 939 scribens:
1776 865 1936 959 Ῥήγεα,

239 981 359 1052 uallis
376 972 585 1069 picard-siud
598 979 772 1069 Ῥωμαίων,
793 986 880 1049 unde
900 986 1096 1051 in‘Gu'diano
1117 992 1486 1081 qnoqneEtymologico
1508 993 1739 1081 corrigendum
1755 1001 1819 1055 est:
1841 978 1937 1054 ittae
1990 987 1992 992 ’

239 1101 278 1170 δὲ
295 1104 418 1194 pirae
435 1101 473 1171 τὸ
494 1099 623 1185 βαπτὸν
642 1100 823 1170 suillos
843 1097 962 1190 ἔλεγον,
984 1104 1129 1187 eiusdem
1149 1109 1248 1171 fontis
1269 1128 1337 1172 esse
1358 1110 1455 1175 docet
1463 1114 1659 1175 Latinorum
1680 1114 1766 1175 ricus
1795 1118 1829 1171 et
1855 1108 1935 1170 rica·

237 1223 296 1301 las,
317 1225 481 1287 ricinoss.
505 1226 638 1300 recisos,
659 1226 774 1288 simnia
793 1244 817 1287 s.
839 1226 969 1304 recissis,
990 1221 1180 1308 dequibus,
1202 1219 1324 1290 utalia
1345 1231 1504 1307 omittam,
1524 1229 1644 1291 Paulus
1667 1229 1776 1292 Diae:
1795 1278 1797 1282 ,
1817 1225 1936 1290 »llioue

239 1352 291 1404 »et
312 1340 431 1405 riculae
450 1351 612 1405 vocantur
631 1361 734 1426 parva
754 1342 882 1420 ricinia,
902 1352 941 1405 nt
959 1342 1095 1426 palliola
1116 1342 1157 1405 ad
1177 1365 1272 1407 usum
1293 1348 1543 1430 sapitisfactas;
1564 1345 1651 1409 Non.
1667 1345 1773 1410 Marc.
1781 1323 1875 1422 XIV,
1883 1344 1933 1408 38.

239 1459 424 1533 silicium,
453 1457 539 1543 quod
559 1478 645 1522 nunc
665 1459 858 1541 Mufsrtism
879 1456 1014 1538 dicitur,
1044 1461 1219 1546 palliolum
1240 1466 1416 1526 femineum
1436 1465 1566 1543 breve«.
1609 1465 1716 1527 Etiam
1735 1466 1770 1524 in
1790 1458 1932 1523 Glossar.

238 1576 356 1640 Isidori
377 1578 515 1665 legitur:
551 1577 742 1658 »Mufortea
763 1579 1013 1663 operimentum
1026 1581 1169 1663 capitum
1189 1581 1405 1659 mulierum«;
1437 1581 1494 1643 sed
1512 1580 1648 1646 Servius
1669 1578 1711 1644 ad
1729 1579 1825 1666 Virg.
1845 1577 1885 1642 Δ.
1907 1576 1935 1654 l,

236 1697 305 1762 286.
330 1690 466 1782 »Togata
489 1697 546 1774 sit,
567 1706 677 1758 autem
698 1697 796 1759 etiam
817 1697 952 1758 feminas
973 1695 1134 1776 babuisse,
1157 1696 1328 1780 cycladum
1349 1710 1382 1762 et
1402 1701 1507 1762 reciui
1528 1695 1604 1761 usus
1625 1696 1766 1761 ostendit
1773 1723 1784 1776 3
1813 1697 1935 1760 reolum

121 1792 126 1798 ¹
238 1803 508 1875 »antem‘dicitur
529 1813 569 1874 ab
591 1832 641 1890 eo,
664 1811 751 1897 quod
771 1824 845 1898 post
856 1824 994 1901 ‘tergum
1014 1815 1182 1896 rejicitur:
1205 1815 1293 1898 quod
1312 1818 1414 1905 vulgo
1435 1818 1584 1880 Mauorte
1604 1815 1747 1878 dicunt«.
1775 1815 1934 1878 Mauortis

234 1951 258 1991 s.
282 1931 440 1995 Mavortii
459 1949 578 1993 nomen
598 1920 736 1994 fortasse
767 1928 982 1994 derivandum
1008 1941 1057 1996 est
1084 1952 1103 1994 a
1130 1931 1250 1995 Martis
1279 1932 1392 2012 herba,
1425 1933 1465 1996 de
1493 1954 1556 2017 qua
1581 1935 1782 1996 Laurentius
1809 1928 1933 2014 Lydus,

234 2068 356 2133 pravus
386 2049 534 2130 alioquin
565 2049 777 2135 etymologus,
799 2051 834 2110 in
855 2052 1017 2134 excerptis
1037 2048 1125 2132 apud
1144 2049 1295 2116 Roetber.
1318 2072 1391 2139 pag.
1414 2051 1466 2118 tt.
1487 2054 1536 2114 sio
1557 2052 1705 2135 scripsit:
1750 2042 1934 2134 Τραβαία

232 2164 272 2230 ’δὲ
293 2158 419 2253 εἴρηται
440 2155 555 2242 drussi
573 2159 751 2254 τρίβαφος·
772 2161 809 2232 ἐκ
829 2167 928 2255 τριῶν
947 2163 1009 2254 γὰρ
1030 2160 1236 2253 ἀποτελεῖται
1253 2172 1443 2256 χρωμάτων,
1464 2171 1643 2259 πορφύρας,
1655 2168 1792 2245 ’κόκκου,
1812 2161 1935 2246 καὶτῆς

232 2278 407 2367 λεγομένης
427 2277 572 2358 ἶσάτιόος
590 2284 740 2368 βοτάνης,
771 2278 844 2366 ἥτις
863 2274 1088 2372 ἔστιν’Άρεος.
1131 2282 1285 2349 Ceterum
1305 2274 1491 2365 uideantur,
1521 2307 1602 2370 quae
1631 2284 1741 2370 Nepos
1762 2282 1934 2348 Cornelius
2034 2318 2038 2325 ·

234 2398 274 2462 de
294 2418 461 2483 purpurae
481 2421 544 2462 usu
563 2402 706 2485 scripsit,
729 2399 816 2486 apud
836 2401 979 2466 Plinium
1000 2402 1044 2463 H.
1067 2401 1110 2467 N.
1132 2400 1193 2483 IX,
1208 2405 1249 2469 39
1270 2403 1346 2478 (63).
1481 2453 1483 2463 .
1567 2420 1570 2427 ’

395 2525 443 2584 11.
455 2533 464 2598 ᾗ
489 2517 632 2583 Graecus
653 2541 771 2608 augur,
793 2521 893 2604 pallio
914 2517 1055 2582 candido
1075 2519 1219 2596 velatus,
1241 2518 1365 2581 Umber
1385 2530 1418 2582 et
1438 2519 1747 2597 Romanus,·trabes
1766 2535 1933 2602 purpurea

231 2639 379 2715 amictus,
408 2638 559 2719 captabat
579 2640 738 2725 auguris:
770 2635 979 2719 ejusdemque
1006 2635 1129 2699 coloris
1150 2637 1250 2698 vestis
1270 2645 1342 2698 erat
1361 2635 1551 2715 sacerdotis,
1579 2638 1636 2719 qui
1663 2632 1934 2698 caedebatuicti

230 2776 328 2834 mam,
350 2773 434 2837 quae
456 2764 489 2818 et
509 2741 581 2839 ipsa
600 2748 704 2816 rubra
724 2752 850 2816 dicitur
869 2755 905 2814 iu
924 2763 1036 2816 nostra
1055 2753 1177 2816 tabula.
1211 2749 1360 2816 Oarsome
1380 2755 1467 2815 euim
1487 2755 1633 2818 vestirier
1651 2750 1845 2817 vertendum
1864 2769 1932 2813 esse

231 2874 324 2936 caede
344 2875 497 2949 victimae,
518 2880 557 2932 ut
576 2866 726 2956 sapsas
745 2869 807 2948 IV,
819 2889 850 2947 a,
860 2873 910 2936 ³3.
935 2870 1071 2948 caedito,
1092 2870 1158 2952 jam
1178 2871 1213 2930 in
1234 2873 1404 2955 superiore
1424 2872 1587 2956 particula
1606 2874 1636 2956 ξ.
1652 2873 1683 2940 3.
1704 2871 1836 2947 monui,
1858 2888 1931 2943 ruste

231 2992 315 3052 deme
334 2998 456 3066 autem,
485 2982 614 3074 αράζω
633 3007 658 3051 s.
682 2979 782 3074 ῥαίνω
803 2985 1001 3068 derivatum,
1029 2991 1207 3052 tincturam
1235 2998 1332 3073 atque
1359 2990 1482 3053 coloris
1509 2987 1735 3053 inductionem
1763 2987 1932 3075 designare

228 3109 347 3192 potuit.
390 3103 455 3168 Sed
474 3124 540 3167 non
561 3107 596 3165 in
616 3108 742 3169 victims
761 3105 879 3185 solum,
901 3083 1014 3170 colore
1034 3107 1147 3185 rubra,
1167 3113 1284 3169 verum
1305 3109 1405 3169 etiam
1425 3082 1580 3171 'in'lsostiu
1602 3105 1763 3170 caedenda
1783 3102 1932 3169 sacerdos

112 3308 118 3316 .
227 3224 360 3288 indutus
391 3234 462 3286 erat
491 3224 591 3287 vestis
615 3235 806 3308 *purpureae
835 3226 952 3309 specie.
999 3224 1109 3286 Aliter
1135 3226 1225 3285 enim
1244 3224 1345 3288 rerba
1373 3227 1539 3307 sequentia
1568 3227 1783 3308 interpretari
1812 3224 1930 3284 nescio.

227 3339 509 3425 Quemadmodum
530 3343 677 3428 genitivo
698 3339 808 3406 Solier
827 3339 977 3403 sacerdos
998 3339 1117 3417 Salius,
1140 3343 1187 3402 sic
1208 3343 1353 3429 genitivo
1364 3343 1491 3406 Nouicr
1511 3342 1594 3404 mihi
1606 3343 1724 3407 Nouus
1733 3339 1932 3422 Hieronymi

227 3462 262 3548 iu
283 3462 375 3544 epist.
399 3456 440 3522 ad
460 3458 611 3521 Eustoch.
634 3461 687 3538 22,
708 3480 737 3522 c.
758 3462 788 3526 (i.
811 3456 844 3525 h.
866 3479 894 3524 s.
917 3459 1041 3548 Νύμφη
1060 3479 1085 3520 s.
1108 3460 1205 3546 uirgo
1225 3433 1375 3523 Vestalis.
1391 3458 1556 3548 designari
1576 3459 1721 3539 videtur,
1743 3461 1805 3523 etsi
1825 3461 1862 3520 in
1880 3460 1931 3521 iu·

226 3576 406 3661 scriptione
426 3576 571 3639 Romana
592 3575 677 3662 apud
699 3576 802 3643 Orell.
822 3577 915 3645 ²815.
944 3596 1051 3641 torna
1070 3594 1132 3662 pro
1146 3568 1285 3641 'nautes
1313 3580 1486 3663 accipitur,
1519 3559 1791 3662 quemadmodum
1817 3578 1853 3637 in
1879 3577 1931 3636 in-

226 3697 406 3780 scriptione
425 3696 611 3759 Pisaurensi
631 3694 718 3780 apud
739 3695 843 3762 Orell.
866 3699 956 3764 soto.
979 3695 1160 3758 masculino
1180 3713 1301 3781 genere
1322 3696 1461 3783 legitur:
1487 3694 1545 3758 sD.
1567 3695 1615 3761 M.
1638 3693 1673 3757 S.
1694 3692 1851 3756 Aureliae
1870 3691 1929 3755 Ju-
1968 3718 1970 3720 ’

227 3816 348 3877 sstinae
369 3815 519 3876 alumnae
536 3815 651 3891 ‚ferunt
676 3816 776 3879 nonni
794 3816 875 3879 suit.
916 3812 1015 3898 Apud
1035 3814 1195 3876 Romanos
1223 3811 1355 3895 quidem
1376 3812 1526 3875 Vestales
1553 3809 1671 3874 Suidas
1699 3811 1832 3894 scripsit
1856 3809 1929 3871 alba

225 3940 421 4008 veste'usas,
443 3948 503 3992 nec
523 3930 660 3992 floribus
679 3922 859 4018 uariegata,
887 3929 945 3992 sed
965 3931 1068 3993 limbo
1088 3941 1197 3994 tamen
1219 3948 1398 4014 purpureo,
1427 3927 1515 3992 unde
1535 3927 1727 3991 Ambrosias
1747 3927 1930 3990 Vestalium

224 4049 366 4133 insignia
393 4057 525 4131 praeter
549 4050 650 4110 vittas
670 4045 754 4111 dixit
778 4058 1023 4130 purpuratorum
1050 4051 1180 4118 restium
1211 4051 1359 4119 moes:
1400 4046 1500 4109 Saliis
1529 4056 1640 4109 sutem
1670 4043 1865 4110 Plutarchus
1894 4046 1929 4105 in

223 4163 335 4228 Numa
360 4174 495 4249 propter
519 4156 684 4243 εὐγένειαν
702 4167 848 4228 tunicam
873 4169 995 4251 pictam
1022 4166 1076 4229 vel
1101 4186 1315 4252 purpuream,
1335 4165 1502 4254 Virgilius
1522 4165 1561 4232 A.
1585 4165 1664 4245 Vll,
1691 4168 1760 4233 187.
1784 4164 1929 4228 trabeam

225 4283 354 4347 tribuit.
398 4280 667 4365 Insequentibus
686 4284 797 4347 verbis
815 4295 953 4367 pertonsa
969 4285 1116 4367 podellcr
1135 4296 1266 4370 paratus
1286 4284 1427 4368 patellae
1447 4284 1545 4348 facile
1566 4287 1770 4372 agnoscitur,
1801 4280 1929 4364 dequo

222 4401 335 4464 Varro
356 4375 442 4485 apud
463 4399 548 4466 Nou
571 4401 679 4468 Marc.
702 4399 751 4466 ed.
774 4401 879 4465 Mero.
902 4424 934 4489 p.
950 4404 1022 4470 bil.
1044 4405 1192 4488 scripsit:
1218 4403 1376 4486 »Oportet
1395 4403 1517 4465 bonum
1538 4404 1646 4466 civem
1667 4401 1792 4490 legibus
1812 4417 1928 4483 parere

185 4522 187 4526 ”
214 4513 278 4584 'oet
305 4517 383 4582 deos
409 4518 531 4597 colere,
564 4521 599 4579 in
625 4519 780 4604 patellam
808 4518 886 4585 dare
904 4517 1022 4609 μικρὸν
1039 4518 1169 4609 spicat.
1212 4522 1301 4584 Hinc
1322 4521 1423 4587 beista
1449 4514 1542 4607 dulps
1560 4522 1688 4608 spedus
1713 4522 1928 4602 interpretor,

222 4634 476 4720 cujus'hymnus
487 4634 615 4699 Homer
634 4637 670 4697 in
686 4636 947 4704 Mercurium.
959 4640 1028 4706 lto.
1041 4641 1203 4719 meminit,
1224 4640 1280 4704 vel
1300 4641 1403 4725 ipsam
1423 4639 1566 4717 bostium,
1589 4658 1665 4700 cum
1685 4635 1928 4708 serbo-bastire

184 4749 188 4755 ’
221 4757 359 4818 sonasse
378 4754 418 4818 ab
439 4744 517 4841 ὁσίῃ
539 4753 733 4820 derivatum.
776 4756 854 4820 Non
874 4759 962 4823 euim
981 4755 1160 4822 audiendus
1181 4768 1231 4824 est
1251 4758 1405 4839 Ovidius,
1438 4778 1541 4843 quum
1566 4759 1601 4818 in
1623 4756 1724 4819 Fastis
1744 4754 1771 4834 I,
1791 4753 1854 4821 3³5
1872 4773 1922 4834 tq·

219 4874 328 4937 canite
