4364 5754
957 572 1265 655 ..es--

223 759 285 840 Vl,
295 779 327 837 a,
337 762 388 832 64.
410 758 501 834 Feta,
550 784 552 788 >
586 755 679 820 ebesa
779 755 880 836 poplo
939 774 1036 820 serve
1137 758 1196 830 ier,
1218 752 1274 817 ete
1310 766 1313 771 ’
1346 774 1401 819 eso
1419 756 1541 838 puple·
1614 766 1619 775 '

385 878 529 953 .Fecito,
550 876 620 938 sive
641 879 677 936 in
698 875 762 936 hoc
775 875 908 958 *populo
929 876 1109 958 separatim
1130 893 1195 969 eas,
1217 874 1343 937 sivein
1362 874 1425 936 illo
1446 873 1581 959 populo.¹

223 998 378 1079 V1,a,5l
400 1018 446 1079 sq.
468 993 569 1076 Sopir
589 993 670 1056 habe
690 1012 769 1055 esme
787 993 883 1074 pople
901 1003 1036 1074 portate
1056 993 1122 1070 olo,
1142 1013 1205 1073 poe
1223 1013 1303 1057 mmo
1324 1003 1383 1073 eat,
1406 994 1494 1072 setin
1513 1013 1585 1067 eru,
1624 994 1714 1073 pirre
1740 1010 1824 1065 mere
1885 1002 1946 1056 eet.

221 1119 333 1203 Siquis
354 1115 452 1179 habet
473 1117 508 1176 in
529 1114 598 1175 illis
609 1113 741 1197 populis
752 1122 918 1174 sacratum
929 1110 1068 1196 aliquid,
1079 1113 1138 1176 nbi
1148 1113 1294 1175 salutare
1302 1122 1364 1205 est,
1376 1114 1495 1192 lecito,
1517 1121 1605 1191 uret,
1618 1120 1720 1196 prout
1728 1111 1873 1175 salutare
1885 1120 1946 1174 est

222 1236 284 1316 Vl,
295 1237 377 1316 a,55
397 1255 444 1316 sq.
469 1232 606 1313 Trioper
626 1231 737 1293 ebetat
757 1231 917 1294 sichomo.-
936 1230 1026 1312 ifont
1047 1241 1204 1294 termento
1226 1251 1291 1294 com
1308 1234 1474 1311 prinestir
1493 1231 1652 1301 statem,

468 1351 538 1413 Ter
558 1370 714 1435 paeanem
729 1353 920 1413 instituite:
942 1348 1019 1412 inde
1039 1350 1170 1411 flamma
1190 1369 1266 1411 cum
1285 1352 1482 1413 suffimenti:
1502 1360 1669 1434 operator.
1803 1332 1806 1339 Δ

160 1474 162 1478 ”
223 1475 392 1552 V1,a,5o.
414 1490 472 1533 eoo
493 1471 581 1532 deiru
602 1465 813 1549 ar[r]mcltomo
836 1469 1034 1532 coterobomo
1054 1471 1205 1533 lorinus:
1310 1488 1368 1531 eno
1411 1484 1477 1532 eom
1495 1472 1674 1582 prinootir,

406 1588 484 1652 iude
506 1586 609 1650 dicito
631 1588 787 1672 placitam
808 1590 1029 1673 expiationem
1050 1587 1286 1676 Iguvinornms
1310 1585 1387 1649 inde
1408 1606 1485 1649 cum
1505 1588 1713 1666 suffimentis,

224 1711 380 1787 vuaso
400 1712 446 1790 s'q.
464 1711 623 1791 perceris,
645 1709 759 1787 sacris,
780 1707 975 1771 ombretotos
998 1727 1060 1788 ope
1082 1705 1308 1786 embreforent,
1333 1716 1498 1785 termnume
1518 1706 1682 1784 honorent,
1716 1687 1720 1701 ¹

469 1829 576 1904 castis,
599 1827 711 1903 sacris,
735 1837 919 1889 cremento:
942 1836 1115 1910 postquem
1137 1826 1328 1903 coemerint,
1349 1827 1482 1886 flamma
1501 1826 1663 1908 auspicati
1676 1824 1820 1900 fuerint,

223 1948 387 2026 viaet.
412 1955 569 2008 termnum
613 1964 677 2005 com
717 1947 885 2024 priuootir
924 1965 977 2008 eso
996 1949 1204 2027 persuimamo
1268 1954 1401 2010 tacetur.

406 2065 442 2125 in
462 2065 594 2124 flamma
614 2048 690 2123 cum
710 2065 907 2124 suffimentis
927 2063 991 2124 hoc
1012 2074 1189 2147 precentor
1204 2071 1286 2125 'eum
1306 2064 1453 2131 silentio.

386 2183 438 2244 24.
481 2178 534 2240 Nc
555 2188 718 2262 repetam,
749 2199 833 2260 quae
854 2181 920 2259 jam
941 2180 1023 2241 alias
1044 2182 1281 2264 interpretatus
1302 2201 1385 2260 snm,
1407 2182 1526 2243 omitto
1547 2182 1670 2258 omnia,
1692 2198 1776 2263 quae
1796 2188 1871 2242 ante
1894 2179 1949 2242 de-

96 2368 99 2373 ,
163 2338 166 2347 ·
222 2297 449 2379 strumescoplo
470 2298 530 2376 VI,
543 2301 636 2374 als.
660 2296 834 2384 leguntur,
864 2297 948 2358 banc
958 2316 1082 2361 vocem
1104 2308 1225 2376 autem,
1255 2299 1449 2362 edestrome
1469 2308 1504 2361 et
1524 2298 1635 2380 scopia
1655 2300 1881 2382 compositam,
1912 2301 1948 2361 in

20 2411 29 2421 ⁴
135 2461 137 2466 ·
223 2423 336 2484 dextro
359 2418 458 2481 lutere
478 2437 503 2480 s.
517 2417 630 2479 dextro
649 2417 984 2498 porte.interpretor:
1008 2413 1124 2498 quidni
1145 2418 1233 2478 enim
1254 2418 1290 2476 in
1310 2416 1529 2479 circulatione
1539 2416 1692 2499 scapulis,
1711 2425 1752 2483 ut
1772 2413 1947 2500 inagendo

222 2511 387 2614 manibus,
415 2533 530 2596 dextra
558 2535 732 2596 sinistrave
760 2553 836 2617 pers
853 2535 974 2618 'potuit
1001 2532 1154 2596 definiri?
1196 2533 1307 2596 Multo
1324 2533 1508 2596 'difficilius
1530 2532 1778 2614 dijudicandum
1799 2532 1948 2607 videtur,

222 2669 336 2721 utrum
357 2652 554 2731 onovibimu,
570 2654 624 2714 cni
646 2653 793 2733 streptu
815 2651 875 2730 lV,
888 2673 917 2729 a,
934 2656 983 2717 12.
1007 2650 1195 2736 respondet,
1217 2662 1254 2715 ut
1272 2653 1476 2734 persertim,
1504 2672 1566 2736 pro
1587 2654 1794 2738 imperativo,
1823 2672 1875 2728 an,
1908 2661 1949 2714 ut

223 2775 410 2838 ondervome
431 2771 494 2848 VI,
508 2790 538 2848 a,
550 2772 613 2849 ll,
636 2780 702 2853 pro·
721 2771 867 2833 ablativo
894 2768 1122 2854 accipiendum
1143 2773 1204 2832 sit:
1226 2790 1366 2835 econome
1386 2791 1468 2834 vero
1489 2773 1524 2833 in
1547 2791 1624 2833 casu
1645 2770 1745 2833 locali
1764 2789 1832 2833 esee
1851 2773 1947 2853 posi·

224 2904 306 2968 tum,
330 2889 476 2951 dubitari
497 2890 621 2969 nequit.
670 2888 772 2965 Feror
793 2888 859 2967 jam
880 2889 915 2948 in
937 2887 1077 2950 secunda
1097 2890 1263 2983 particula
1283 2891 1313 2974 §.
1336 2891 1387 2956 27.
1410 2910 1472 2974 pro
1493 2888 1583 2968 feros
1603 2910 1628 2950 e.
1652 2885 1773 2976 φιρεστ
1791 2887 1945 2966 V,a,2ti

223 3010 384 3090 scriptum
406 3007 545 3084 conjeci,
566 3024 608 3066 ne
629 3002 755 3067 deesset
774 3004 1004 3084 subjunctivus
1024 3008 1287 3086 aconjunctione
1306 3027 1389 3086 poue
1403 2998 1602 3091 dependens}
1626 3009 1801 3090 quaeritur
1820 3014 1945 3081 antem,
2021 3027 2029 3042 ·

225 3124 305 3210 qnid
326 3122 497 3187 ferendum
518 3125 570 3185 sit.
614 3123 771 3210 Legimus
792 3101 927 3205 quidem
949 3144 1000 3186 ere
1019 3122 1119 3204 ferto,
1141 3135 1180 3187 ut
1200 3145 1275 3189 onae
1295 3125 1385 3205 ferto
1405 3128 1441 3187 in
1461 3126 1699 3208 sequentibus,
1711 3123 1769 3188 sed
1788 3144 1841 3188 ere
1861 3124 1947 3185 mihi

225 3243 418 3307 adverbium
439 3244 597 3325 temporis
620 3239 795 3303 videtur'e
816 3245 1012 3326 pronomine
1037 3263 1112 3306 enar
1139 3242 1344 3324 derivatum,
1365 3254 1405 3307 ut
1431 3245 1573 3323 eriboni,
1605 3241 1693 3327 qnod
1709 3246 1884 3327 seqnitur,
1913 3252 1947 3304 et

226 3384 296 3427 erec
316 3363 394 3441 VII,
407 3362 439 3438 b,
453 3366 481 3424 l.
525 3360 615 3420 Hinc
636 3379 732 3422 socru
753 3363 788 3421 in
809 3362 962 3424 versione
982 3363 1166 3446 supplevi3·
1182 3382 1245 3446 pro
1266 3381 1455 3443 cessavero,
1476 3363 1509 3426 h.
1532 3382 1560 3426 e.
1582 3354 1689 3440 amco,
1711 3361 1892 3427 Horatium
1913 3357 1947 3424 S.

226 3482 376 3560 11,5‚1o.
409 3487 562 3560 sequutus
591 3481 686 3557 prino
706 3479 842 3558 scripsi,
872 3498 928 3540 eso
949 3498 1011 3561 pro
1032 3479 1135 3541 locali
1157 3499 1259 3543 meme
1279 3503 1304 3543 s.
1328 3501 1431 3545 oeome
1451 3473 1560 3569 (ἀρᾷ),
1591 3492 1626 3545 et
1646 3481 1753 3544 desire
1772 3500 1833 3564 pro
1855 3478 1949 3541 able·

224 3603 296 3664 tivo
317 3597 501 3662 adverbiali
521 3597 693 3679 accipiens.
735 3594 877 3659 Eriloot
908 3593 1061 3678 equidem
1091 3616 1158 3659 non
1184 3601 1287 3685 magis
1309 3602 1537 3684 'compositum
1550 3607 1553 3611 ’
1568 3608 1660 3684 puto,
1694 3618 1791 3682 mem
1818 3576 1949 3663 4ειὶνοιιι

225 3720 390 3799 V1,a,48.
413 3724 619 3781 cleermont
639 3687 763 3776 ibidem
784 3734 847 3798 pro
868 3734 983 3778 cunero
1004 3714 1059 3777 vel
1080 3725 1193 3778 soroot
1214 3715 1275 3794 VI,
1288 3735 1318 3794 e,
1330 3720 1380 3783 46.
1403 3737 1466 3803 pro
1486 3737 1598 3792 aaron
1627 3725 1884 3780 emcom'contra
1906 3735 1949 3807 ex

225 3838 370 3902 ablativo
392 3836 598 3922 pronominis
618 3853 693 3895 etur
713 3843 747 3895 et
773 3834 1019 3917 praepositione
1042 3853 1106 3896 com
1127 3852 1196 3895 esse
1217 3837 1445 3918 compositum,
1474 3837 1575 3898 facile
1602 3832 1769 3899 concedes.
1796 3832 1860 3893 'Ex
1890 3834 1947 3910 iis,

227 3975 310 4037 quae
331 3957 485 4043 proxime·
499 3945 696 4036 sequuntur,
719 3951 877 4036 pleraque
899 3950 1033 4035 quidem
1054 3953 1120 4030 jam
1144 3955 1179 4014 in
1206 3955 1379 4036 superiore
1403 3954 1571 4038 particula
1599 3954 1754 4037 exposui,
1785 3951 1949 4012 nonnulla

228 4089 308 4134 vero
329 4070 436 4132 adhuc
457 4069 655 4133 illustranda
676 4080 768 4150 sunt,
800 4080 838 4133 nt
866 4071 1051 4133 enuntiatio
1078 4073 1151 4151 neip
1180 4071 1317 4136 embolia
1335 4091 1437 4153 prepo
1457 4073 1554 4136 desso
1575 4066 1797 4157 comdifiodsi,
1825 4071 1862 4130 in
1883 4086 1949 4152 qua

227 4191 301 4269 netp
321 4188 443 4250 Latino
463 4207 539 4265 nec,
568 4189 705 4256 autolio
726 4186 855 4252 Graeco
877 4179 1051 4278 ἀμφιβόλῳ
1071 4189 1264 4273 respondet,
1288 4187 1493 4276 combifionbi
1513 4211 1596 4255 vero
1617 4210 1679 4274 pro
1701 4188 1886 4272 combifions
1906 4189 1949 4265 si,
1996 4270 2000 4276 .

154 4386 158 4393 ι
227 4316 266 4369 nt
286 4304 400 4390 paullo
420 4314 496 4389 post
516 4305 763 4390 combifioosiust
784 4326 847 4390 pro
875 4307 1058 4391 comdifions
1083 4308 1173 4387 fust,
1204 4311 1365 4392 scriptum
1395 4320 1454 4374 ost.
1499 4306 1604 4390 Prepa
1635 4310 1748 4387 debon,
1781 4308 1857 4390 quie
1889 4322 1951 4385 ope

103 4406 107 4415 ¹
158 4433 168 4453 '
228 4427 324 4490 desua
346 4422 595 4508 combifionsiost
615 4422 741 4487 dictum
762 4435 827 4502 est,
858 4435 1015 4510 utsupra
1035 4446 1067 4488 v.
1089 4424 1139 4492 ts.
1163 4447 1222 4508 ope
1250 4428 1349 4510 anglo
1371 4424 1649 4512 combifioobiest,
1679 4437 1739 4490 aut
1764 4443 1827 4509 pro
1846 4423 1952 4523 porse

229 4546 323 4608 desvo
343 4564 376 4608 v.
399 4545 449 4606 at.
464 4551 540 4620 ant,
563 4540 651 4624 quod
672 4545 775 4628 magis
796 4543 913 4628 probo,
935 4562 997 4627 pro
1012 4543 1211 4607 Latinorum
1230 4556 1381 4628 praepete
1401 4547 1517 4609 dextro
1537 4549 1682 4631 positum
1702 4541 1853 4617 videtum
1876 4555 1951 4604 oce-¹

228 4665 365 4728 sonim
385 4660 534 4741 debetofe
560 4668 680 4722 contra
700 4670 762 4744 pro
778 4662 999 4747 fumigatione
1025 4660 1131 4726 hebeti
1156 4664 1226 4726 sive
1254 4665 1332 4742 leni,
1364 4675 1432 4727 tam
1449 4662 1592 4742 ‘diversa
1619 4663 1821 4748 e'pauperis
1845 4678 1952 4740 pereo

229 4779 316 4866 apud
337 4777 494 4843 Ovidium
513 4780 607 4842 Pont
630 4775 693 4856 IV,
704 4779 736 4855 8,
747 4780 797 4843 39.
819 4798 920 4862 quam
941 4799 962 4841 e
981 4798 1160 4865 procerum
1180 4783 1282 4844 tacito
1303 4800 1414 4845 ocerro
1435 4781 1522 4868 apud
1543 4782 1694 4846 Persium
1714 4779 1802 4859 11,o.

244 4905 264 4929 ”
297 4902 302 4909 ’
392 4896 444 4962 25.
486 4895 537 4979 Ad
561 4905 718 4961 termnum
738 4893 898 4961 stabilate
919 4895 1139 4981 supplendum
1160 4917 1229 4982 esse
1251 4902 1509 4981 comprimetur,
1531 4900 1719 4966 evertite.
1733 4896 1952 4983 intelligitur,
