4364 5754
930 553 1136 619 ..η-

251 719 297 799 V,
319 721 352 798 b,
375 723 461 799 laq.
500 714 641 804 Λρμενε
662 715 747 781 1st
756 710 873 798 Πατρε
894 734 1008 801 aava,
1038 734 1073 782 σι
1086 749 1089 755 ,
1104 745 1108 754 ·
1123 712 1266 804 περακνε
1292 716 1436 783 σεΐακεε
1461 734 1581 782 aneta

496 834 653 898 Ammoni
672 835 752 899 Jovi
772 832 863 898 Patri
882 835 1005 912 tacito,
1024 853 1119 897 suem
1137 844 1265 898 castum
1284 845 1436 898 sanctum
1457 837 1587 898 offerta

250 957 294 1035 V,
317 956 347 1029 b,
369 957 410 1021 lt
419 975 466 1038 sq.
501 955 640 1019 Funera
680 950 763 1032 Σαζι
824 956 974 1033 wasta,
1033 948 1147 1037 καπρθ
1191 949 1337 1036 nodosas
1374 953 1517 1019 otFoxvs
1547 972 1667 1018 ousta.

496 1072 632 1157 Vaputo
673 1067 1001 1149 Sau'si'sacrificato,
1025 1089 1161 1154 caprum
1204 1080 1330 1133 castum
1371 1082 1520 1135 amictum
1540 1075 1670 1134 offerto.

248 1192 293 1270 V,
315 1214 345 1271 a,
369 1195 408 1255 lt
419 1212 465 1276 sq.
498 1190 605 1255 Alsa
626 1186 759 1270 IaFtlu]
782 1190 850 1254 an
870 1186 1040 1275 περακνεμ
1058 1187 1193 1278 naharu
1213 1208 1307 1274 φετε.

494 1308 583 1371 Abto
623 1308 702 1371 Jovi
786 1327 848 1370 ove
911 1317 999 1370 casta
1079 1327 1165 1392 pura
1214 1310 1328 1370 facito.

248 1427 293 1505 V,
314 1447 345 1506 a,
368 1431 463 1509 llsq.
495 1427 603 1491 Alsa
642 1423 760 1512 Μαρει
803 1410 929 1507 addara
970 1422 1114 1512 ustam
1156 1445 1250 1509 φατε.

494 1544 581 1607 Ahto
642 1543 750 1607 Marti
792 1563 941 1630 apruguo
994 1553 1082 1606 casto
1144 1545 1270 1606 facito·
1391 1589 1394 1597 .

165 1662 301 1761 Catulus
322 1683 388 1724 uon
409 1662 558 1725 Hecatae
578 1662 686 1724 solnm
706 1661 875 1724 immolari
894 1661 1024 1724 solebat
1044 1671 1144 1743 atque
1164 1662 1338 1747 Robigini,
1369 1658 1428 1723 scd
1454 1661 1508 1722 illi
1527 1670 1660 1744 quoque
1681 1658 1779 1740 deae,
1811 1680 1895 1744 qnae

164 1779 251 1867 apud
272 1780 487 1842 Plutarchum
509 1781 548 1862 Q.
572 1781 609 1843 tt.
631 1783 681 1846 51.
705 1764 861 1843 (ἱειιίῑέ
882 1779 1004 1842 Mane
1024 1777 1159 1840 dicitur.
1200 1779 1300 1840 Hanc
1322 1773 1416 1841 dcam
1431 1777 1618 1843 Alexander
1636 1780 1679 1843 ab
1693 1777 1893 1858 Alexandro,

163 1899 291 1962 Genial.
314 1899 355 1960 D.
378 1899 439 1976 ΙΙΙ,
463 1902 512 1964 12.
536 1909 570 1960 et
590 1896 653 1977 VI,
665 1899 710 1977 8.,
731 1917 805 1959 eam
826 1898 931 1960 solam
952 1898 994 1960 ob
1017 1906 1148 1961 causam
1167 1898 1294 1960 Bonam
1312 1896 1410 1960 deam
1430 1901 1690 1982 interpretatur,
1712 1896 1801 1982 quod
1821 1900 1853 1960 Γ
1856 1920 1894 1962 v·

161 2013 301 2083 occasi
307 2043 329 2105 qt
360 2037 423 2103 pro
444 2012 580 2102 Γενείτῃ
607 2015 695 2101 apud
717 2016 933 2079 Plutarchum
964 2015 1139 2104 legendum
1170 2019 1320 2101 putavit,
1350 2016 1409 2081 sed
1439 2015 1679 2081 enoendandnm
1707 2027 1756 2080 est
1783 2017 1894 2102 potius

162 2131 408 2221 Γενετείρᾳ,
430 2145 468 2197 ut
490 2133 601 2199 Mater
621 2134 753 2198 Matuta
774 2135 984 2223 intelligatur
1003 2137 1074 2197 sive
1094 2134 1304 2213 leucothea,
1328 2132 1397 2197 Cic.
1421 2135 1462 2197 T.
1488 2135 1524 2216 Q.
1550 2134 1577 2214 l,
1602 2139 1650 2202 13.
1674 2132 1770 2198 Ovid.
1783 2133 1892 2213 RVI,

160 2257 232 2321 545.
266 2252 432 2315 Plutarch.
457 2251 496 2333 Q.
519 2252 556 2315 R.
581 2256 620 2317 16
639 2274 687 2336 sq.
720 2251 853 2315 Caruili.
875 2255 931 2333 5.,
963 2273 1064 2336 quam
1094 2251 1282 2316 Priscianus
1302 2276 1335 2338 p.
1357 2257 1442 2320 561.Ι
1464 2251 1514 2315 ed.
1543 2252 1673 2316 Putnch.
1704 2252 1892 2319 Martianus

160 2371 239 2457 Cap.
264 2370 307 2432 ΙΙ.
331 2369 359 2452 t.
384 2375 453 2436 113.
486 2381 521 2433 et
539 2371 719 2434 Lucretius
749 2370 795 2448 V,
817 2372 889 2436 655.
922 2374 1087 2435 matutino
1115 2374 1261 2457 tempori
1281 2374 1532 2457 praefecerunt,
1565 2374 1653 2433 sicut
1672 2371 1833 2435 Horatios
1853 2367 1888 2432 ὃ.

160 2491 205 2568 ΙΙ,
226 2492 259 2568 6,
281 2492 331 2555 20.
351 2490 481 2552 lanum.
527 2490 590 2553 Illa
607 2510 626 2550 a
646 2508 763 2553 mane
784 2508 847 2573 pro
868 2492 1033 2553 matutino
1053 2499 1204 2575 temporo
1223 2490 1281 2568 (cf.
1304 2491 1416 2552 Festus
1441 2512 1468 2552 s.
1489 2511 1523 2552 v,
1545 2508 1712 2551 manare
1738 2485 1890 2564 Solem)

160 2609 280 2671 Mana
312 2606 378 2668 dici
410 2610 537 2691 potuit,
570 2606 702 2670 diversa
734 2627 753 2668 a
783 2606 920 2669 Matre
951 2606 1093 2667 Mania
1124 2604 1211 2691 apud
1231 2605 1437 2669 Martianum
1457 2604 1537 2690 Cap.
1559 2605 1657 2690 Ita.
1679 2608 1750 2671 164.
1803 2601 1890 2666 Sane

160 2724 396 2814 κρεματρθμ
418 2726 463 2804 V,
485 2747 515 2804 a,
537 2729 587 2791 23.
612 2728 661 2791 26.
686 2728 736 2793 28.
770 2717 987 2811 (austoricus)
1020 2726 1212 2792 testuatium
1242 2725 1314 2784 sive
1342 2724 1449 2785 libum
1476 2725 1512 2784 iu
1540 2733 1627 2786 testu
1649 2721 1743 2784 caldo
1765 2730 1889 2783 tostum

158 2867 228 2909 esse
248 2843 393 2922 videtur,
415 2841 516 2926 quod,
539 2844 694 2906 Varrone
713 2842 755 2901 L.
777 2841 819 2903 L.
841 2840 885 2901 V.
909 2841 937 2924 §.
960 2845 1029 2907 106.
1054 2851 1087 2904 et
1107 2840 1205 2903 Ouid,
1228 2842 1261 2905 F.
1283 2839 1438 2921 vatus
1451 2844 1523 2908 531.
1546 2842 1888 2920 mantuanorum

157 2963 358 3026 Matralibus
390 2961 568 3036 faciebaut3
602 2978 826 3041 quaecumque
857 2977 939 3021 voro
960 2957 1080 3020 Cicero
1112 2953 1151 3022 ds
1177 2959 1311 3044 harusa
1335 2979 1481 3045 respons.
1506 2961 1556 3026 17.
1578 2969 1614 3023 et
1632 2957 1832 3022 Plutarchus
1851 2960 1888 3022 in

156 3083 227 3143 rita
239 3079 387 3142 waaris
407 3078 437 3140 9.
461 3075 502 3139 de
523 3077 633 3139 Bonae
654 3052 733 3139 deae
753 3079 857 3139 sacris
876 3080 1091 3162 scripserunt,
1114 3098 1190 3140 cum
1203 3076 1324 3141 Honda
1334 3080 1433 3142 Joria
1453 3079 1539 3141 nihil
1562 3098 1736 3143 commune
1755 3079 1886 3141 habent.

321 3200 371 3262 15.
404 3193 560 3258 Hondam
569 3195 701 3258 Joviam
717 3198 823 3284 Igitur
833 3195 979 3258 Matrem
989 3195 1155 3259 Matutam
1171 3199 1393 3283 interpretor,
1415 3218 1515 3280 quam
1533 3196 1667 3281 quidem
1683 3196 1886 3283 Augustinus

157 3314 193 3379 C.
204 3314 245 3377 D.
257 3315 319 3394 IV,
330 3318 360 3382 8.
384 3335 403 3376 a
424 3312 508 3376 med.
533 3312 597 3375 diis
618 3315 802 3402 agrestibus
823 3325 1028 3392 annumerat,
1049 3315 1213 3376 scribens:
1236 3315 1700 3394 „Praeloceruntllorentibus
1709 3317 1886 3378 frumentis

156 3433 251 3497 deam
272 3435 445 3513 Floram,
467 3433 719 3496 lactescentibus
739 3431 838 3495 deum
856 3431 1126 3512 Lacturnum,
1147 3436 1441 3499 utamrescsutibns
1460 3434 1556 3497 deam
1577 3435 1786 3512 Matutam,
1810 3453 1885 3499 tum

154 3562 337 3615 runcantur
358 3554 381 3614 i.
405 3572 432 3614 c.
455 3572 474 3614 a
496 3562 587 3614 terra
605 3553 823 3629 animantur,
842 3548 941 3613 deam
961 3550 1226 3613 hunciuam.“
1267 3553 1288 3615 J
1294 3555 1415 3616 oriae
1436 3573 1557 3617 nomeu
1577 3554 1613 3614 iu
1633 3563 1752 3637 quarta
1772 3550 1885 3613 tabula

152 3671 231 3733 aliis
253 3691 382 3755 quoqus
405 3670 525 3733 deabus
545 3681 596 3733 est
615 3669 778 3747 inditum,
801 3667 971 3732 Hondaa
991 3688 1074 3733 vero
1095 3672 1229 3733 nomine
1250 3671 1362 3759 largus
1382 3675 1519 3759 frug-nm
1536 3683 1720 3756 proventus
1740 3666 1883 3730 indicari

154 3787 298 3853 videtur.
343 3789 453 3870 Quum
474 3791 563 3852 enim
585 3787 719 3851 hondu
739 3789 863 3850 holtu
883 3787 944 3865 VI,
967 3808 997 3864 a,
1016 3791 1068 3853 tt
1093 3787 1172 3866 VII,
1195 3809 1226 3867 a,
1247 3789 1298 3854 to.
1327 3792 1415 3852 inter
1434 3790 1641 3853 calamitates
1661 3805 1882 3851 avemnrtcan-

154 3903 223 3987 ὼε,
250 3899 423 3995 anglnt'o
446 3905 656 3970 houdomu
676 3926 759 3970 vcro
780 3905 843 3983 VI,
866 3905 899 3984 b,
922 3908 973 3969 10.
993 3915 1152 3988 tanquam
1173 3907 1298 3971 Laetum
1318 3908 1497 3994 augurium
1515 3908 1679 3990 scriptum
1697 3905 1761 3982 sit,
1792 3901 1882 3983 adje-

152 4027 280 4087 ctivum
300 4024 390 4088 istud
411 4037 445 4088 et
465 4029 500 4087 in
520 4025 641 4086 malam
661 4036 695 4086 et
714 4027 750 4086 in
771 4024 891 4085 bonam
911 4033 1040 4107 partem
1060 4027 1168 4108 accipi
1188 4027 1308 4108 potuit,
1330 4023 1581 4089 utGraeoorum
1590 4021 1757 4105 adjectiva
1767 4013 1883 4100 ἄδυός

153 4153 188 4207 et
208 4120 316 4229 ἆδρός.
360 4144 430 4205 Etsi
450 4145 556 4231 igitur
575 4142 688 4204 verbis
708 4140 845 4205 handu
864 4141 985 4204 holtu
1006 4144 1109 4204 nimia
1129 4135 1321 4230 designatur
1339 4145 1503 4228 apricatio
1524 4145 1594 4206 sive
1616 4134 1767 4229 ἦλίωσις,
1792 4140 1881 4205 undo

151 4262 331 4325 solatum
360 4261 471 4323 morbi
503 4281 604 4348 genus
631 4258 815 4323 secundnm
833 4262 965 4361 assum
997 4271 1094 4343 atque
1112 4261 1259 4324 Plinium
1290 4262 1335 4326 Η.
1363 4260 1405 4327 Ν.
1434 4257 1561 4342 XXIX,
1580 4267 1613 4329 6
1650 4261 1880 4339 οοειῐηΙιίτιιη

152 4382 301 4444 tarrac
322 4389 430 4441 tamen
451 4379 498 4458 V,
520 4400 550 4459 a,
573 4381 623 4447 15.
645 4383 707 4458 tt,
727 4389 768 4440 nt
788 4378 963 4444 Fausta
990 4380 1036 4458 V,
1057 4380 1285 4460 t,13.,unds
1304 4379 1387 4461 Σαζι
1407 4378 1468 4444 deo
1489 4381 1534 4460 V,
1556 4381 1590 4461 b,
1613 4385 1653 4446 10
1672 4391 1707 4445 ot
1725 4385 1776 4449 17.
1800 4381 1881 4444 Fc-

149 4518 262 4564 πθτε
294 4518 414 4562 nomen
445 4497 591 4576 inditur,
622 4518 663 4561 ea
680 4498 862 4585 signifieat,
896 4498 979 4582 quse
1004 4500 1149 4562 numinis
1177 4503 1326 4562 Pavorem
1352 4501 1545 4567 conciliant.
1598 4501 1688 4562 Hinc
1707 4496 1880 4563 Hondns

149 4613 330 4680 *Serfius
362 4618 398 4679 in
419 4627 537 4701 quarta
564 4617 694 4697 tabula,
726 4618 761 4677 iu
783 4637 847 4700 qna
867 4618 1008 4701 reliquis
1028 4619 1185 4681 omuibus
1208 4616 1290 4697 diis,
1322 4620 1441 4702 qadbm
1460 4622 1498 4682 in
1517 4598 1635 4704 quinta
1654 4617 1766 4681 tabula
1785 4636 1880 4681 sacra

151 4734 247 4812 liunt,
267 4735 463 4799 Aramoni
483 4734 504 4798 J
512 4738 581 4798 ovi
601 4735 730 4816 Patri,
752 4734 927 4821 Vaputo
942 4732 1079 4815 Santi,
1101 4735 1208 4799 Ahto
1228 4737 1336 4815 lori,
1358 4734 1460 4803 atto
1481 4736 1611 4800 Marti
1628 4736 1698 4799 alia
1717 4733 1879 4818 quandam

152 4856 349 4940 cognomina
379 4852 491 4921 addita
522 4863 615 4935 aaut,
646 4845 813 4918 Varronis
842 4855 951 4918 bonas
983 4857 1127 4921 Eventus
1155 4874 1226 4918 osse
1254 4853 1400 4923 ridetur.
1454 4851 1601 4918 Saasis
1631 4873 1814 4942 cognomen
1842 4857 1877 4917 in
