4364 5754
741 1274 1318 1409 Porticulcl.

198 1545 1041 1655 Fundamentatotius
1097 1547 1367 1685 operis
1425 1544 1860 1653 continens

893 1831 1002 1840 ..-..-..
1022 1814 1172 1841 ...zm-...-

330 2090 361 2161 l.
416 2091 678 2187 Quaecumque
704 2093 750 2164 ad
775 2091 940 2188 linguam
958 2092 1175 2166 Umbricam
1197 2093 1457 2166 addiscendam
1474 2089 1675 2178 conterunt,
1703 2087 1791 2160 solis
1817 2110 1901 2157 con·
1994 2150 1997 2155 .

165 2207 325 2276 tinentur
359 2207 674 2300 inscriptionibus,
711 2234 803 2304 quae
835 2209 976 2307 duplici
1006 2211 1197 2282 literarum
1231 2236 1362 2307 genere
1394 2207 1601 2303 exsculptae
1635 2215 1789 2277 exstant:
1821 2227 1901 2273 exa-

164 2330 260 2392 ratae
287 2322 388 2392 enim
415 2335 499 2395 suut
524 2324 583 2395 vel
608 2326 750 2396 Latinis
777 2326 836 2397 vel
860 2328 990 2401 Tuscis
1016 2329 1143 2419 literis,
1171 2353 1327 2424 quarum
1353 2328 1422 2398 hae
1448 2328 1599 2423 quidem
1625 2324 1715 2395 adeo
1741 2330 1901 2392 mutatae

162 2448 199 2509 et
225 2448 348 2510 auctae
375 2449 471 2529 sunt,
506 2450 547 2511 nt
570 2444 765 2538 proprium
792 2442 946 2516 Umbris
977 2444 1216 2540 alphabetum
1252 2446 1484 2518 constituant.
1535 2443 1592 2515 Ex
1628 2440 1743 2512 literis
1769 2437 1901 2509 additis

161 2555 236 2644 jam
262 2554 489 2651 intelligitur,
525 2582 637 2652 quam
662 2585 795 2655 parum
822 2572 924 2656 aptae
952 2562 1085 2633 luerint
1111 2563 1320 2634 Tuscorum
1354 2562 1480 2633 literae
1514 2559 1676 2629 sermoni
1702 2555 1899 2628 Umbrico:

161 2671 315 2744 feliciter
339 2675 451 2768 igitur
476 2674 627 2769 accidit,¹
651 2687 695 2748 nt
719 2677 902 2749 maximae
929 2681 1097 2749 omnium
1130 2678 1379 2771 inscriptionis
1413 2685 1670 2767 argumentum
1702 2683 1777 2743 tam
1803 2670 1902 2740 Lati-

161 2789 220 2858 nis
246 2814 357 2884 quam
371 2791 502 2862 Tuscis
527 2790 643 2863 literis
670 2795 723 2863 sic
749 2795 997 2885 compositum
1024 2795 1081 2882 sit,
1109 2804 1159 2882 ut,
1187 2800 1394 2889 comparata
1413 2788 1615 2861 eorundem
1636 2787 1902 2860 vocabulorum

161 2907 340 3001 scriptura
366 2904 518 2999 duplici,
543 2905 697 2987 Latinus
724 2908 909 2977 scribendi
934 2910 1068 2979 modus
1104 2933 1209 2979 veros
1235 2910 1442 2983 Tuscorum
1467 2906 1658 2977 literarum
1685 2928 1793 2976 sonos
1819 2927 1902 2997 ape·

160 3025 238 3094 riat.
290 3022 431 3094 Latinis
444 3021 559 3092 literis
574 3024 809 3118 compositae,
828 3049 945 3119 quum
963 3027 1120 3115 majores
1138 3035 1219 3097 tum
1239 3027 1413 3113 minores,
1433 3025 1691 3118 inscriptiones
1704 3021 1902 3093 Umbricae

159 3142 270 3210 variis
295 3139 386 3209 locis
420 3140 620 3229 debentur,
656 3140 787 3213 Tuscis
821 3165 906 3212 vero
941 3140 1074 3230 literis,
1112 3144 1143 3212 si
1177 3168 1197 3212 a
1230 3144 1396 3214 nummis
1430 3141 1659 3228 discesseris,
1693 3141 1734 3208 in
1755 3124 1902 3232 'quibus

160 3257 309 3328 nonnisi
343 3255 494 3326 nomina
529 3257 758 3350 quarundam
792 3259 944 3328 urbium
977 3261 1017 3328 in
1043 3282 1128 3329 casu
1153 3259 1274 3356 dativo
1314 3257 1495 3347 (lutere,
1526 3252 1655 3346 Tlute,
1681 3252 1846 3346 Ikonioi,
1873 3281 1899 3325 s.

161 3370 328 3457 Itan-tue)
354 3371 537 3466 leguntur,
564 3384 743 3468 quantum
769 3375 942 3468 equidem
968 3376 1056 3465 scio,
1082 3377 1203 3468 Iguvii
1228 3378 1352 3465 modo,
1380 3376 1477 3446 haud
1502 3372 1658 3466 ignobili
1670 3372 1902 3446 Umbrorum

162 3491 317 3584 oppido,
361 3490 407 3560 ad
439 3490 681 3584 Apenninum
715 3501 882 3561 montem
917 3493 1009 3581 sito,
1057 3502 1219 3585 repertae
1252 3504 1347 3565 sunt.
1407 3489 1560 3589 Agabio
1594 3492 1758 3580 nomini,
1805 3490 1904 3584 quod

156 3615 297 3684 Ἰσούϊον
328 3607 472 3701 scripsit
498 3605 742 3696 Ptolemaeus,
772 3609 911 3706 ''Ieapov
937 3609 1088 3680 fortasse
1114 3608 1245 3682 Strabo
1272 3612 1318 3699 V,
1345 3610 1381 3698 2,
1412 3611 1469 3699 10,
1496 3633 1577 3703 pag.
1605 3607 1711 3697 228„
1736 3629 1803 3700 pro
1829 3630 1901 3700 quo

163 3725 295 3797 rectius
322 3725 361 3793 in
386 3724 623 3817 inscriptione
650 3723 808 3818 quadam
834 3749 891 3818 ap.
920 3725 1026 3797 Grut.
1056 3723 1315 3815 CCCXLVll,
1346 3728 1377 3799 1.
1407 3724 1647 3821 Iguinorum
1683 3721 1901 3817 splendidis·

163 3842 279 3911 simus
306 3840 397 3913 ordo
423 3839 567 3934 legitur,
594 3840 718 3912 tabula
744 3842 1024 3935 Peutingeriana
1048 3841 1203 3936 figuram
1240 3841 1369 3936 templi
1401 3844 1563 3930 addidit,
1588 3838 1697 3913 Jovie
1722 3837 1902 3912 Penatium

162 3959 340 4052 inscripti,
378 3982 489 4052 quem
522 3957 655 4029 Jovem
680 3958 922 4052 Apenninum
960 3958 1243 4052 intelligendum
1276 3984 1355 4037 esse
1387 3938 1493 4031 docet
1530 3957 1721 4052 inscriptio
1748 3954 1902 4049 Iguvina

163 4100 219 4169 ap.
246 4076 377 4146 Murat.
403 4075 510 4164 VIII,
536 4074 570 4148 5.
597 4075 731 4165 Maffej.
759 4076 853 4147 Mus.
879 4076 965 4148 Ver.
984 4077 1163 4164 LXXIX,
1189 4077 1222 4151 5.
1251 4075 1364 4149 JOVl
1377 4069 1387 4170 ll
1399 4074 1621 4149 ΑΡΕΝΙΝΟ
1631 4067 1642 4169 ll
1655 4075 1699 4147 T.
1727 4070 1901 4147 VlVlVS

163 4184 518 4284 cARttMOGENES
530 4182 541 4287 11
555 4191 793 4265 SVLPlClA
835 4185 1190 4287 EVPHROllSYNE
1236 4187 1414 4288 CONlVll
1425 4195 1471 4266 V.
1515 4193 1552 4267 S.
1589 4194 1634 4265 D.
1671 4194 1745 4271 D.
1780 4191 1902 4280 Hujus

162 4307 307 4402 templi,
332 4308 378 4377 ad
398 4311 496 4403 quod
523 4309 746 4382 Claudianus
773 4311 819 4383 de
847 4311 909 4383 Vl.
937 4335 1009 4382 cos.
1031 4313 1190 4383 Honorii
1214 4337 1248 4381 v.
1275 4310 1349 4383 504
1375 4336 1427 4406 sq.
1454 4310 1590 4401 allusit,
1616 4320 1757 4381 exstant
1781 4307 1901 4379 adhuc

162 4425 305 4512 rudera,
331 4425 408 4514 ubi,
433 4435 522 4498 teste
539 4426 726 4519 Conciolo,
752 4455 783 4500 a.
807 4428 913 4502 1444.
937 4429 978 4499 in
1004 4431 1237 4501 subterranea
1263 4430 1422 4523 quadam
1448 4429 1770 4515 concameratione,
1796 4426 1900 4497 miris

164 4539 395 4613 emblematis
427 4544 626 4635 tessellata,
662 4545 870 4640 complures
906 4547 1049 4618 tabulae
1083 4572 1213 4618 aeneae
1249 4548 1406 4619 detectae
1439 4559 1533 4636 sunt,
1568 4570 1725 4642 quarum
1759 4553 1900 4638 septem

164 4659 405 4754 Dempsterus
430 4664 470 4731 in
497 4687 606 4756 opere
632 4689 698 4734 suo
725 4660 771 4735 de
797 4660 963 4737 Etruria
990 4662 1114 4761 reguli
1139 4664 1184 4735 ad
1211 4666 1321 4737 Tom.
1350 4667 1378 4737 I.
1405 4691 1485 4761 pag.
1514 4667 1574 4740 91.
1601 4661 1774 4758 vulgavit.

330 4776 365 4882 2.
417 4778 560 4849 Harum
586 4780 793 4852 tabularum
818 4780 1012 4853 historiam
1039 4807 1125 4852 cum
1161 4784 1269 4853 variis
1297 4785 1491 4854 doctorum
1525 4784 1690 4853 virorum
1724 4782 1899 4872 interpre-

164 4893 265 4965 tandi
291 4894 420 4966 studiis
445 4895 630 4969 luculente
655 4924 773 4993 nuper
805 4901 973 4994 exposuit
996 4898 1154 4994 Lepsius
1191 4902 1228 4972 in
1264 4903 1528 4975 dissertationis
1561 4925 1645 4972 suae
1678 4893 1724 4968 de
1764 4891 1899 4967 tabulis
