4364 5754
297 747 387 809 luder
405 737 545 822 Ρεστιζα
566 748 600 803 et
619 755 722 827 prere
738 735 940 817 adjectivum
967 729 1063 819 rede
1093 734 1253 797 emismm'
1285 743 1346 813 est,
1378 736 1441 798 etsi
1459 714 1538 819 Ν,
1556 736 1589 815 b,
1605 738 1659 803 29.
1691 734 1858 820 Γεστιζαμ
1887 740 2041 827 repete

296 880 400 949 (pem
419 861 582 945 seriptum
601 858 752 945 legimus.
779 850 1001 949 ΙΤεστριιιιιι
1022 852 1193 932 1v‚b‚ee.
1218 863 1252 916 et
1270 850 1481 942 νερτριικυ
1501 855 1564 934 IV,
1577 855 1609 934 b,
1621 858 1672 921 33.
1696 865 1736 918 ιιι
1757 853 2040 923 dextrorsum

295 990 332 1044 et
350 981 641 1043 sinistrorsum
654 976 719 1039 sibl
730 976 863 1060 epponi,
875 974 974 1037 fseile
984 983 1231 1062 agnosceretur,
1245 976 1374 1036 etiamsi
1383 985 1460 1059 pest
1469 975 1748 1060 verbecepirse
1767 994 1892 1059 perse
1913 988 2041 1045 osuiu

296 1095 775 1182 v1‚a‚mn0n1egmtur=
809 1112 894 1155 eum
921 1094 1028 1155 muni
1057 1102 1207 1155 uerti-u
1233 1096 1369 1159 tenitu
1400 1093 1433 1157 h.
1458 1113 1487 1156 e.
1510 1112 1583 1157 eam
1612 1114 1712 1157 manu
1742 1096 1877 1159 sinislra
1905 1104 2037 1165 tenete.
2106 1156 2109 1161 .

296 1214 508 1279 vemhnlum
535 1211 637 1303 πιρι
663 1213 726 1293 Ν,
744 1213 777 1293 b,
796 1216 848 1279 30.
871 1221 906 1275 et
924 1215 976 1278 33.
1000 1211 1152 1276 averbis
1172 1209 1296 1300 καπιρι
1316 1210 1429 1301 mpure
1450 1232 1550 1299 φειτιι
1572 1211 1811 1300 sejungendum
1841 1232 1923 1293 eese,
1954 1214 2040 1281 inde

295 1334 512 1422 intelligitur,
533 1332 622 1416 quod
641 1333 703 1412 vl,
716 1353 746 1412 e,
758 1336 809 1398 24
831 1331 899 1395 elie
917 1329 1080 1414 quaedem
1100 1334 1331 1410 inuenerunt,
1353 1342 1453 1415 etque
1474 1334 1575 1394 etiem
1598 1332 1660 1411 Vl,
1673 1352 1703 1407 a,
1715 1334 1765 1398 37.
1789 1335 1901 1417 persi
1922 1334 2038 1413 fetu,

295 1462 445 1531 sureut
469 1454 634 1537 espiree
660 1471 782 1538 pereo
821 1461 942 1514 osatu
970 1451 1104 1539 legitur.
1158 1449 1224 1513 Sed
1252 1450 1334 1535 quid
1360 1453 1433 1514 istie
1462 1452 1574 1515 verbis
1600 1453 1824 1538 significetur,
1853 1463 2039 1537 propterea

296 1568 391 1637 dictu
411 1580 462 1634 esi
481 1569 632 1650 difficile,
659 1568 748 1653 qued
768 1570 861 1632 nulle
881 1568 985 1634 verbu
1005 1579 1074 1632 tem
1095 1567 1244 1633 diverses
1265 1570 1467 1657 significatus
1488 1570 1621 1648 habent,
1652 1590 1751 1652 quum
1771 1589 1856 1655 quse
1882 1590 1903 1633 u
1923 1566 2038 1634 literis

295 1709 389 1774 pers
408 1691 583 1774 incipiuni

461 1810 513 1874 23.
557 1807 674 1869 Persi
694 1805 877 1870 ablativum
899 1824 968 1869 sese
989 1807 1134 1869 neminis
1154 1824 1262 1892 pere,
1292 1804 1380 1887 qued
1401 1824 1584 1893 purgamen
1604 1807 1786 1894 signifieat,
1815 1816 1855 1869 ιιι
1875 1808 2038 1891 cepirse

298 1928 441 1988 nominis
470 1928 629 2011 capite,
663 1925 695 1986 h.
719 1945 749 1988 e.
771 1928 862 2010 cepie
883 1927 955 1987 sive
984 1925 1123 2010 espede,
1155 1924 1309 2008 equidem
1336 1924 1449 1987 nullus
1471 1922 1606 2003 dubito,
1640 1927 1702 1987 etei
1722 1943 1824 2008 supra
1843 1925 1910 2004 jum
1935 1942 2038 2009 per·

296 2041 430 2123 sae(a)
460 2047 530 2106 fetu
559 2063 621 2128 pro
648 2046 764 2128 persi
791 2045 880 2106 fetu
905 2045 1066 2128 scriptum
1091 2042 1246 2113 uidimus.
1290 2041 1356 2106 Sed
1382 2038 1497 2132 περιιμ
1518 2062 1618 2128 pesse
1647 2041 1784 2105 eandem
1804 2042 2035 2123 viminum,

240 2138 270 2219 1.
297 2165 494 2247 praesertim
514 2183 617 2246 quum
637 2161 795 2241 v1,a‚24
813 2166 898 2229 eree
917 2164 1008 2225 iuter
1027 2165 1145 2247 porei
1165 2174 1200 2225 et
1218 2182 1343 2247 pereo
1364 2165 1434 2225 slve
1455 2181 1642 2247 perseme
1663 2160 1865 2225 vocabulum
1886 2179 2038 2246 peson-

251 2304 255 2313 ’
297 2278 373 2344 dre
394 2283 464 2344 eive
485 2278 739 2365 persoudru,
767 2279 830 2360 Vl,
842 2300 872 2360 u,
882 2282 936 2360 33,
964 2298 1031 2363 que
1051 2285 1285 2369 purgatorium
1306 2280 1442 2364 aliquod
1463 2298 1594 2345 serrum
1622 2280 1788 2368 designari
1809 2278 1956 2358 videtur,
1977 2281 2036 2341 in·

296 2407 423 2462 eertum
444 2401 499 2478 eit,
520 2401 690 2461 affirmare
709 2418 776 2462 ueu
797 2402 912 2461 ausim.
938 2374 1174 2462 'mueronem
1187 2402 1298 2485 petius
1318 2402 1390 2463 sive
1411 2399 1676 2463 benedictionem
1688 2396 1842 2482 equidem
1863 2399 2045 2487 intellige,-

296 2535 364 2581 eeu
383 2517 492 2579 selum
518 2527 707 2601 prepterea,
739 2515 830 2600 quod
851 2526 970 2580 esutu
990 2518 1074 2580 mihi
1092 2538 1158 2604 pre
1179 2529 1300 2581 erute
1321 2517 1448 2582 dictum
1470 2538 1540 2580 esse
1561 2516 1707 2595 videtur,
1729 2516 1786 2580 sed
1808 2519 1920 2596 etiam,
1943 2514 2036 2600 qued

295 2632 511 2718 Vl‚u,39sq.
533 2645 609 2720 poet
628 2654 823 2720 perseme
843 2632 993 2699 additum
1012 2647 1078 2700 est:
1101 2656 1167 2723 pue
1186 2638 1392 2722 pe(r)enis
1413 2638 1540 2714 lus(t)
1562 2636 1637 2700 h.e.
1658 2636 1719 2698 ubi
1738 2630 1894 2720 predatus
1912 2636 2032 2697 fueris.

295 2751 573 2817 Persoudrum
594 2754 644 2815 ibi
664 2752 787 2839 duplex
807 2764 869 2833 est,
890 2756 1056 2818 sersule
1074 2766 1110 2818 st
1129 2756 1304 2820 stellare
1325 2758 1396 2820 sive
1418 2754 1748 2844 uuerwulfum),
1776 2763 1817 2818 ut
1844 2754 1928 2817 mihi
1957 2754 2035 2836 qui·

297 2866 372 2931 dem
393 2869 456 2950 IV,
467 2870 500 2950 b,
511 2874 552 2936 31
564 2893 610 2954 ep.
633 2892 696 2956 pre
718 2870 917 2959 otupleeeF
939 2872 1117 2961 legendum
1147 2894 1216 2938 esse
1241 2874 1386 2940 ridetur.
1432 2874 1470 2938 Si
1500 2873 1780 2960 pereoudrum
1810 2873 2033 2938 stabulsre

296 2989 368 3052 sire
388 2988 696 3051 etubulutlvum
724 2989 766 3050 ad
786 2989 930 3072 pecudes
950 2989 1138 3078 purgandus
1158 2995 1305 3077 respicit,
1334 2995 1500 3056 sersale
1525 2998 1597 3059 sive
1625 2992 1786 3056 sociale
1807 2991 1850 3055 ed
1869 2992 2033 3055 familiam
2127 2968 2131 2977 Ι

296 3106 368 3169 sive
388 3109 496 3169 socios
518 3126 658 3192 eperum
679 3106 891 3171 referendum
912 3118 972 3188 eet,
995 3106 1036 3171 de
1057 3111 1177 3193 quilrus
1197 3111 1359 3174 Horatius
1380 3115 1483 3197 Epist.
1507 3112 1552 3192 Il,
1573 3116 1603 3191 1,
1623 3114 1684 3178 133
1698 3132 1768 3196 sqq.
1791 3111 1874 3175 haee
1894 3112 2030 3174 cecinit:

544 3225 721 3313 Agricolae
741 3228 855 3311 priecl,
878 3229 982 3290 feries
1002 3246 1172 3313 parvoque
1192 3229 1293 3308 beuti,

548 3341 693 3406 Condita
713 3353 789 3428 peel
808 3320 984 3423 eumenia,
1007 3347 1155 3410 levantes
1175 3357 1325 3434 tempere
1345 3350 1429 3412 leste

546 3457 675 3545 Corpus
696 3471 731 3523 et
750 3463 858 3546 ipsum
878 3463 1039 3541 animum,
1060 3484 1118 3548 spe
1138 3466 1213 3527 duis
1234 3465 1318 3528 dure
1339 3468 1512 3547 ferentem,

543 3577 630 3642 Cum
648 3581 774 3645 seelie
793 3599 979 3665 eperum,
1001 3584 1116 3665 pueris
1135 3593 1170 3645 et
1189 3585 1329 3671 conjuge
1349 3584 1426 3664 fide,

543 3698 719 3762 Tellurem
739 3717 855 3783 poree,
877 3696 1051 3764 Silvanum
1072 3701 1160 3763 laete
1178 3702 1315 3787 piabunt
1334 3711 1395 3765 cet.

295 3815 539 3885 dorsalium
564 3818 760 3881 siufl'srls
781 3816 909 3881 dieitur
929 3816 1029 3885 etiam
1050 3818 1113 3899 vl,
1135 3841 1166 3899 a,
1187 3823 1229 3888 38
1250 3842 1296 3904 eq·
1319 3823 1495 3885 veetieia
1516 3821 1549 3883 h.
1567 3840 1596 3885 e.
1618 3822 1774 3902 victima,
1807 3840 1892 3905 quee
1922 3818 1984 3899 Vl,
1999 3836 2030 3897 e,

296 3938 349 4003 24.
371 3956 446 4000 eum
474 3936 683 4023 pesondre
712 3956 877 4000 sorsum
906 3938 1131 4027 ueniungltur.
1176 3940 1273 4023 Quod
1294 3960 1378 4004 vere
1406 3941 1520 4004 verbis
1546 3961 1644 4023 εσμικ
1670 3937 1836 4023 Γεστιζαμ
1858 3940 1910 4002 Ν
1910 3941 2027 4019 ,3,23.

296 4054 400 4118 verbe
421 4066 544 4123 erent
563 4058 746 4125 vesllsla
765 4056 1030 4142 subscripserim,
1051 4078 1149 4123 uemo
1170 4059 1360 4138 mirabitur,
1387 4062 1446 4141 qui
1466 4062 1668 4139 meminerit,
1696 4080 1750 4122 me
1771 4056 1921 4145 eupre§.
1943 4062 1974 4125 4.
1998 4066 2031 4120 ei
2088 4044 2093 4053 ¹

296 4192 417 4255 οσμικ
437 4185 471 4238 et
491 4187 612 4239 erent
632 4178 722 4239 iuter
741 4175 900 4241 adverbis
913 4176 969 4241 vel
989 4179 1243 4259 conjunctiones
1264 4178 1469 4263 copulativae
1481 4181 1695 4259 recensuisse,
1718 4181 1808 4241 inter
1828 4197 1908 4259 quue
1929 4176 2031 4239 etiem
2112 4240 2118 4261 ¹

296 4310 374 4358 eres
395 4290 457 4370 IV,
468 4292 502 4371 b,
513 4295 564 4358 31
589 4292 800 4358 referendum
820 4304 881 4377 est,
903 4317 1007 4380 quum
1028 4308 1063 4362 et
1082 4316 1145 4383 pre
1166 4317 1262 4379 εσμικ
1284 4296 1345 4376 Ν,
1357 4298 1391 4376 b,
1405 4301 1456 4364 32.
1475 4308 1510 4361 et
1518 4318 1591 4383 pre
1614 4318 1689 4362 even
1710 4297 1771 4377 Ν,
1783 4297 1816 4376 b,
1827 4298 1879 4363 34.
1891 4297 2031 4359 inserts

298 4409 411 4473 subula
431 4408 483 4473 Vl
483 4412 598 4492 ,effi
623 4430 740 4475 enom
761 4417 923 4500 seriptum
943 4418 996 4480 siu
1023 4414 1149 4479 liudem
1168 4418 1346 4502 pertinet
1335 4436 1422 4479 iseo
1442 4416 1505 4496 Vl,
1517 4436 1547 4496 e,
1559 4418 1624 4495 23.,
1646 4415 1688 4478 de
1708 4436 1773 4501 qua
1794 4415 2031 4496 conjunctione

297 4538 407 4591 umen
427 4528 494 4592 ulie
514 4527 674 4614 quaedem
694 4530 778 4593 mihi
799 4530 962 4595 menende
982 4544 1068 4597 sunt.
1817 4618 1820 4625 Ι

414 4682 418 4689 ·
454 4650 512 4716 23
556 4648 649 4712 Isee
679 4665 774 4711 erue
804 4647 898 4714 diiu
925 4672 993 4717 neu
1022 4670 1159 4738 prersue
1191 4651 1279 4716 idem
1311 4655 1517 4739 exprimere,
1546 4649 1635 4734 qued
1668 4671 1732 4717 απι
1762 4647 1839 4739 edel
1867 4645 2031 4738 respuetur

298 4763 360 4844 Ν,
381 4766 414 4846 b,
436 4769 502 4847 el,
534 4786 574 4830 ex
605 4788 648 4833 se
675 4769 744 4850 ism
774 4772 998 4857 eegueseitur,
1025 4770 1115 4857 qued
1144 4768 1242 4836 dieu
1273 4774 1491 4859 imperativus
1522 4780 1583 4851 eet,
1613 4769 1813 4862 πιιρτιιυς
1844 4766 2029 4834 verusne·

298 4882 464 4961 indueus
484 4908 568 4970 eum,
580 4889 826 4977 pmepesilieue
845 4886 918 4980 ned
938 4886 1156 4978 eempesitus,
1172 4912 1236 4979 pre
1247 4912 1313 4978 que
1326 4892 1389 4973 Ν,
1401 4890 1434 4971 b,
1445 4894 1498 4960 34.
1520 4888 1699 4977 πιιρτιπυς
1718 4908 1849 4975 queque
1863 4890 2026 4972 scriptun
2116 4958 2124 4965 .
