4364 5754
283 752 371 833 lum,
394 754 617 818 Romanorum
638 753 774 834 ducem,
811 755 1073 818 eontraPoenos
1093 753 1289 838 Siculosque
1316 771 1392 816 cum
1418 755 1521 817 olane
1541 757 1793 842 navigaturum,
1824 773 1927 838 quum
1947 755 2017 819 soli

285 869 407 934 Vestae
426 892 494 934 non
515 873 652 953 litasset,
674 871 849 937 adversum
870 872 1022 934 habuisse
1041 883 1179 936 ventum
1199 873 1329 952 remlit,
1351 870 1455 951 affl,
1497 872 1634 936 Vestam
1655 877 1825 938 misertem
1844 892 1909 958 pro
1927 873 2015 953 fllia,

283 1003 368 1071 quea
398 1010 438 1051 ex
468 991 767 1077 haruspicisjussn
790 990 963 1054 mactanda
983 993 1115 1070 fuisset,
1149 992 1322 1071 juvencam
1349 991 1542 1072 subjecisse,
1575 991 1851 1075 quemadmodum
1870 991 2017 1055 Dianam

282 1123 347 1190 pro
369 1107 543 1198 Iphigenia
562 1113 599 1171 in
620 1109 742 1173 Aulide
763 1128 906 1174 cervam.
949 1109 971 1171 J
977 1128 998 1170 o
1006 1112 1073 1172 via
1093 1128 1132 1172 ea
1153 1108 1247 1173 audit
1267 1113 1303 1172 in
1324 1110 1472 1198 Iguvinis
1492 1110 1632 1189 tabulis,
1659 1122 1700 1174 ut
1718 1103 1821 1196 ἡμένη
1843 1105 1877 1176 ἐν
1898 1107 2015 1198 αἰθέρι

281 1219 371 1309 apud
392 1227 585 1312 Euripidem
606 1231 642 1290 in
664 1232 780 1317 fragm.
803 1231 873 1296 178.
897 1248 916 1290 e
937 1227 1088 1290 Macrob.
1109 1227 1178 1290 Sat.
1199 1227 1227 1308 Ι,
1249 1230 1300 1295 83.
1321 1230 1343 1291 J
1350 1247 1432 1297 uno
1454 1229 1651 1292 aetherea
1673 1240 1708 1292 et
1727 1232 1875 1292 nutrix
1893 1230 2015 1293 Jovis

282 1342 369 1427 apud
389 1343 596 1409 Martianum
617 1345 792 1432 Capellam.
807 1346 848 1423 11,
871 1345 901 1429 §.
926 1349 995 1414 168.
1018 1345 1046 1425 1,
1070 1346 1099 1429 §.
1119 1347 1184 1421 ta,
1205 1345 1395 1410 custodia
1413 1346 1437 1408 J
1442 1348 1532 1409 ovis
1552 1345 1642 1429 apud
1663 1347 1901 1434 Pythagoreos,
1934 1350 2015 1429 quia

280 1461 370 1542 Jovi,
391 1464 538 1542 Junoni,
565 1465 741 1529 Minervae
762 1464 874 1528 addita
895 1474 960 1544 est,
991 1464 1145 1529 Macrob.
1166 1463 1200 1527 S.
1224 1464 1285 1543 111,
1307 1465 1351 1542 4.,
1384 1472 1539 1546 tanquam
1570 1485 1636 1526 una
1664 1463 1806 1527 deorum
1824 1464 2011 1526 Penatium.

280 1577 472 1663 Secundum
504 1582 659 1647 Servium
691 1583 733 1647 ad
764 1583 862 1671 Virg.
886 1583 925 1645 A.
949 1582 977 1661 1,
1009 1573 1102 1661 291„
1134 1585 1213 1665 quia
1240 1583 1373 1644 nullum
1404 1583 1606 1645 sacrificium
1636 1585 1708 1646 sine
1739 1584 1818 1671 igne
1850 1589 1942 1659 erat,
1976 1583 2013 1642 iu

280 1700 435 1762 omnibus
455 1704 673 1765 invocabatur
702 1702 884 1764 sacrificiis.
927 1700 1049 1765 Graeci
1080 1698 1229 1782 qaiidem,
1261 1711 1301 1764 ut
1320 1673 1538 1784 spanhemius
1559 1705 1596 1762 in
1617 1699 1756 1764 Graevii
1775 1699 1875 1764 Thes.
1897 1699 2010 1780 Antiq.

280 1814 373 1878 llom.
397 1819 437 1880 T.
460 1818 506 1900 V,
528 1843 560 1905 p.
573 1824 644 1888 664.
667 1819 774 1899 docet,
797 1820 919 1883 Vestae
940 1829 1007 1882 tam
1027 1821 1154 1903 primae
1175 1798 1275 1902 dum
1297 1827 1463 1881 extremae
1484 1837 1578 1880 sacra
1599 1821 1712 1881 iacere
1732 1818 1900 1896 solebant,
1922 1811 2014 1878 unde
2083 1853 2086 1863 »

279 1933 345 2010 iam
366 1938 402 1998 in
421 1936 552 2020 hymnis
569 1938 710 2001 Homer.
730 1930 830 2021 Ἰστίη
851 1940 899 1999 sio
920 1939 1114 1999 invocatur:

690 2050 809 2121 Καλὸν
829 2050 949 2135 {lovon
969 2051 1070 2141 γέρας
1088 2050 1146 2119 καὶ
1165 2047 1271 2139 τιμήν·
1294 2047 1333 2118 οὐ
1354 2049 1417 2139 γὰρ
1438 2043 1520 2140 ἔτερ
1543 2054 1586 2119 σέ

691 2169 872 2238 Εἶλαττίναι
891 2172 1079 2258 θνητοῖσιν,
1100 2163 1140 2235 ἵν’
1164 2162 1185 2235 a}
1206 2165 1324 2259 πρώτῃ
1344 2165 1482 2258 πυμάτῃ
1502 2194 1538 2238 τε

685 2286 788 2379 Ἰστίῃ
809 2283 990 2376 ἀρχόμενος
1010 2289 1143 2355 σπένδει
1161 2284 1326 2374 palladia
1347 2278 1446 2353 οἶνον.

278 2404 323 2469 At
341 2405 431 2470 idem
461 2411 518 2474 vir
548 2409 665 2474 doctus
685 2431 758 2498 pag.
781 2429 847 2492 seq.
872 2408 987 2486 docet,
1018 2408 1201 2486 Romanos,
1234 2409 1293 2490 qui
1314 2406 1495 2469 seeundum
1516 2405 1712 2470 Ciceronem
1732 2407 1757 2468 l.
1780 2407 1803 2470 1.
1825 2403 2012 2489 principem

277 2513 313 2585 in
332 2526 547 2591 sacrificando
567 2530 689 2593 Janum
710 2548 778 2592 esse
798 2529 994 2605 voluerunt,
1027 2527 1126 2588 mem
1146 2545 1319 2589 sacrorum
1344 2543 1363 2588 a
1385 2525 1507 2589 Vestae
1528 2528 1622 2589 cultu
1641 2527 1785 2611 petiisse.
1838 2525 1927 2586 Bene
1946 2518 2012 2607 igi-

275 2651 334 2706 tur
353 2641 540 2709 Creunerus
561 2646 604 2709 ad
625 2667 682 2724 aa,
705 2667 790 2730 quae
811 2645 931 2710 Cicero
952 2647 1102 2729 scripsit:
1126 2642 1189 2722 „In
1210 2663 1250 2706 ea
1271 2642 1341 2723 dea,
1364 2663 1448 2727 quae
1469 2654 1517 2706 est
1537 2664 1652 2708 rerum
1673 2651 1782 2706 custos
1802 2644 2011 2717 intimam,

276 2765 384 2824 omnis
404 2774 439 2826 et
458 2768 608 2848 precatio
629 2776 664 2829 et
683 2767 882 2829 sacrificatio
904 2774 1052 2827 extreme
1072 2760 1165 2841 est‚“
1196 2761 1279 2824 liaeo
1299 2764 1487 2826 annotavit:
1519 2762 1709 2841 Davisium,
1740 2761 1798 2843 qni
1817 2759 1898 2822 haec
1919 2759 2012 2821 refu·

276 2887 349 2940 tare
369 2881 497 2958 voluit,
519 2901 635 2945 rursus
656 2886 817 2947 refutavit
837 2882 1004 2945 Marinius
1024 2883 1061 2942 in
1081 2879 1172 2942 Actis
1193 2879 1246 2942 Fr.
1269 2880 1384 2944 Arval.
1407 2902 1439 2965 p.
1461 2883 1523 2948 378
1544 2880 1616 2964 sq.“
1642 2881 1723 2943 haec
1743 2880 1816 2961 ipsa
1835 2897 1912 2940 cum
1932 2876 2011 2940 aliis

277 2994 503 3060 Romanorum
532 2999 631 3087 Virg.
664 2999 702 3064 G.
728 3001 754 3062 1.
778 3002 850 3066 498.
884 2999 1006 3076 Vellei.
1033 2998 1068 3059 P.
1090 2998 1135 3078 11,
1159 2978 1228 3065 131.
1260 2999 1338 3062 Juv.
1370 2997 1405 3061 S.
1427 2998 1486 3076 Vl,
1507 2999 1579 3077 385.
1611 2998 1809 3062 testimoniis
1843 3012 2010 3080 opponens

275 3116 460 3180 rationibus
481 3138 500 3180 e
520 3116 656 3181 Graecis
676 3118 897 3203 scriptoribus
918 3115 1036 3180 ductis.

437 3236 491 3302 30.
534 3236 740 3322 Porphyrius
761 3233 842 3324 napi
861 3227 991 3320 ἀποχῆς
1011 3225 1171 3322 ἐμψύχων
1191 3233 1234 3295 11.
1257 3253 1332 3321 pag.
1357 3235 1448 3313 125„
1480 3236 1539 3316 qui
1560 3233 1704 3296 Graecos
1724 3235 1774 3296 ait
1792 3234 1957 3317 primum,
1989 3249 2010 3292 a

274 3348 377 3414 Vesta
396 3352 537 3417 deorum
559 3353 753 3418 coelestium
779 3374 872 3417 sacra
893 3357 1115 3439 auspicantes,
1151 3372 1218 3415 non
1244 3352 1382 3433 myrrha
1403 3363 1461 3416 aut
1482 3355 1586 3431 casia,
1619 3349 1676 3414 sed
1696 3351 1808 3414 herbis
1827 3367 1904 3412 usos
1923 3367 2007 3427 esse,

274 3465 480 3553 deantiquis
501 3473 570 3535 illis
591 3474 795 3558 temporibus
817 3473 988 3556 loquitur,
1012 3471 1130 3552 quihus
1151 3468 1331 3532 seeundum
1351 3468 1450 3534 Ovid.
1472 3471 1506 3532 F.
1529 3470 1558 3548 Ι,
1577 3471 1641 3537 339
1661 3491 1730 3553 sqq.

683 3588 841 3652 Nondum
861 3589 1048 3674 pertulerat
1067 3588 1256 3650 lacrimatas
1277 3589 1404 3649 cortice
1423 3588 1577 3670 myrrhas

746 3708 830 3770 Acte
851 3726 912 3792 per
931 3723 1111 3789 aequoreas
1133 3705 1263 3790 hospita
1282 3707 1377 3767 navis
1398 3724 1529 3787 aquas;⁴

684 3824 777 3890 Tura
797 3845 857 3888 neo
879 3824 1079 3908 Euphrates,
1101 3843 1162 3886 nee
1184 3826 1320 3886 miserat
1340 3822 1436 3885 India
1457 3834 1597 3903 costum,

744 3944 816 4007 Nec
837 3946 969 4005 fuerant
988 3942 1086 4004 rubri
1107 3920 1238 4028 cognita
1258 3942 1315 4003 iila
1337 3944 1439 4003 croci.

234 4130 239 4139 Ι
274 4054 364 4119 ldem
385 4064 482 4142 potita
500 4064 533 4124 1².
557 4061 618 4142 IV,
639 4068 711 4130 731.
735 4065 771 4125 in
792 4061 953 4124 Palilibus
971 4062 1094 4122 cecinit
1113 4058 1165 4139 id,
1195 4058 1285 4142 quod
1305 4062 1340 4121 in
1361 4058 1511 4147 Iguvinis
1531 4060 1655 4124 tabulis
1676 4058 1788 4123 verbis
1808 4055 2005 4146 πρινεῈατε

272 4185 340 4261 sep
358 4198 535 4258 τσσετστυ,
557 4181 589 4241 h.
614 4201 641 4243 e.
665 4185 852 4244 suffimenta
874 4200 950 4241 cum
971 4179 1104 4241 turibus
1125 4175 1309 4256 incendite,
1330 4180 1550 4262 praecipitur:

684 4299 711 4376 1,
733 4311 809 4383 pete
829 4301 1000 4384 virginea,
1022 4296 1184 4381 populus,
1206 4297 1360 4357 suffimen
1381 4295 1422 4357 ab
1442 4316 1518 4357 ara:

744 4416 848 4479 Vesta
867 4414 978 4493 dabit3
1001 4414 1125 4476 Vestae
1145 4432 1283 4482 munere
1302 4432 1406 4496 purus
1428 4416 1504 4475 eris.

272 4536 384 4619 Quum
403 4537 509 4599 simili
530 4533 629 4597 modo
649 4532 762 4597 Davus
783 4520 871 4618 apud
891 4532 1091 4607 Terentium
1111 4529 1214 4593 Andr.
1238 4528 1300 4610 IV,
1320 4534 1354 4610 3,
1378 4535 1426 4595 ll.
1449 4529 1601 4592 dixisset:
1638 4529 1712 4606 „Ex
1731 4549 1792 4591 ara
1812 4529 1890 4591 hino
1910 4545 2002 4612 sume

272 4655 430 4718 verbenas
451 4651 562 4734 tibi,“
584 4650 802 4740 ,Eugraphius
824 4653 1011 4714 annotavit:
1045 4650 1230 4729 „Romanis
1257 4648 1408 4710 omnibus
1435 4666 1507 4708 mos
1533 4647 1643 4708 estin
1671 4647 1779 4724 atrio,
1810 4646 1875 4708 hoc
1896 4654 1945 4708 est
1965 4644 2002 4707 in

147 4848 148 4852 ρ
271 4774 451 4852 vestibulo,
483 4772 605 4834 habere
627 4771 780 4849 Vestam,
814 4772 869 4831 cui
890 4769 1088 4830 sacrificium
1110 4765 1260 4850 quotidie
1279 4763 1465 4829 facerent.“
1517 4763 1647 4827 Verum
1667 4763 1750 4827 haec
1769 4765 1940 4826 sufficiant
1959 4761 2002 4826 de

272 4886 335 4951 diis
353 4886 530 4953 Umbrieis.
566 4889 638 4988 ‘Dii
670 4893 774 4970 enim,
808 4906 890 4972 quos
910 4883 1197 4974 spangenbergius
1228 4887 1264 4946 in
1296 4885 1571 4948 commentatione
1602 4903 1662 4946 sua
1692 4880 1732 4946 de
1763 4881 1887 4945 veteris
1907 4869 2000 4945 Latii
