4364 5754
1016 545 1224 619 ...32-

252 728 333 790 ficet
351 730 484 808 prout
502 740 529 784 s.
552 714 728 802 quando,
750 734 876 798 perca
895 732 996 794 vero,
1016 716 1110 798 quasi
1131 712 1311 797 pertice,
1333 714 1472 799 auguris
1492 713 1609 795 litum,
1632 712 1768 792 dicitur,
1790 715 1997 779 cremetis

252 845 396 928 denique
418 838 616 927 approbatio
637 858 662 899 s.
692 833 840 899 addictio
868 854 941 898 esse
960 831 1106 899 videtur.
1159 831 1329 895 scribitur
1350 830 1485 914 quidem
1504 844 1539 896 et
1559 852 1724 916 peream
1744 832 1806 911 vt,
1827 852 1861 912 e,
1880 834 1932 902 53.
1962 840 1999 896 et

254 963 498 1029 eremetiam
519 956 579 1029 VI.
600 976 631 1034 a,
652 957 694 1021 to
715 974 777 1037 sqq
798 951 857 1017 sed
878 954 1121 1015 cromatium
1143 951 1248 1014 solum
1270 952 1306 1013 in
1326 953 1517 1015 accusativo
1538 970 1617 1015 ceso
1636 955 1784 1035 positum
1804 959 1873 1031 est,
1894 970 1998 1035 quum

254 1101 379 1169 perce
400 1100 426 1143 s.
454 1095 621 1164 peream
646 1093 709 1158 pro
723 1090 922 1181 qpercame
943 1072 980 1133 in
1001 1070 1147 1135 ablativo
1174 1088 1252 1133 cesu
1278 1071 1324 1133 sit
1344 1069 1584 1154 accipiendum.
1630 1071 1853 1133 Arematia
1881 1077 2000 1133 utrum

254 1224 375 1268 nomen
397 1197 618 1281 compositum
638 1194 696 1265 sit,
711 1184 760 1253 'tn
781 1181 942 1278 ἆρμόδιόν
962 1210 996 1253 τι
1016 1191 1198 1276 significet,
1231 1187 1381 1255 nondum
1401 1189 1486 1252 mibi
1516 1191 1638 1272 liquet:
1670 1189 1850 1275 videantur
1876 1198 1999 1263 umen,

254 1340 337 1408 quas
355 1319 470 1403 psutlo
492 1317 584 1377 inira
609 1312 792 1396 proteram.

418 1439 470 1503 31.
514 1433 555 1495 Iu
586 1431 699 1495 verbis
731 1429 813 1506 iltis,
846 1446 932 1510 queo
950 1424 1015 1504 IV,
1036 1444 1066 1501 a,
1089 1427 1129 1490 13
1150 1446 1197 1508 sq.
1220 1425 1399 1512 leguntur,
1432 1425 1548 1490 eadem
1580 1425 1622 1488 do
1654 1426 1814 1508 auspiciis
1845 1424 2000 1487 breviter

254 1559 424 1646 praecipi,
445 1570 532 1637 quae
551 1551 689 1613 uberius
710 1547 994 1631 perscripturum
1015 1546 1051 1606 in
1071 1552 1183 1607 sexus
1203 1543 1338 1606 tabulae
1358 1545 1470 1618 initio,
1495 1545 1593 1607 iacile
1614 1546 1827 1632 agnoscitur3
1848 1542 1907 1606 sed
1927 1562 2001 1607 me·

254 1677 420 1744 morebile
441 1679 511 1750 est,
542 1667 631 1752 quod
650 1666 713 1745 VI,
733 1665 766 1744 b,
787 1667 820 1731 5.
843 1663 961 1727 mehe
993 1661 1533 1743 toteljoveine,1v‚a,1³.
1559 1682 1659 1748 τεφε
1680 1682 1756 1727 tere
1777 1661 1928 1740 IroFeve,
1959 1670 2001 1724 ut

256 1799 320 1879 VI,
343 1767 375 1873 b,
398 1792 447 1858 18.
480 1790 568 1854 teie
598 1796 688 1848 tote
718 1783 905 1865 ljoviue,
927 1791 962 1847 ct
982 1780 1045 1860 v1,
1067 1799 1098 1858 e,
1119 1782 1171 1846 51.
1205 1799 1299 1844 seso
1332 1789 1421 1844 tote
1451 1779 1623 1862 ljovine
1655 1783 1819 1865 scriptum
1851 1781 1999 1869 tegetur,

256 1917 350 2003 quasi
370 1910 572 1997 pronomina
592 1904 712 1982 mibi,
733 1900 834 1978 tibi,
856 1900 942 1963 sibi
962 1901 1052 1965 inter
1072 1918 1108 1964 ss
1128 1907 1414 1982 permutarentur.
1469 1898 1555 1962 Seue
1576 1899 1621 1977 V,
1642 1899 1675 1972 b,
1696 1900 1748 1964 24.
1781 1916 1886 1982 repe
1917 1897 2000 1961 tibi

256 2034 438 2123 significan
460 2035 495 2089 at
516 2043 616 2108 quum
638 2038 731 2083 seso
752 2038 828 2081 cum
849 2026 989 2081 seruet
1009 2026 1044 2081 et
1065 2016 1338 2081 andersesust
1359 2018 1424 2094 (sic
1444 2020 1534 2080 euim
1562 2037 1626 2101 pro
1646 2016 1925 2099 endensesusp
1947 2016 2001 2080 le-

256 2150 404 2242 gendum
425 2144 489 2223 eet)
509 2142 568 2219 vl,
591 2140 622 2221 b,
646 2142 668 2203 ὅ
688 2147 723 2201 et
742 2138 772 2202 7.
795 2133 1164 2213 cobsererevideatur,
1184 2135 1301 2221 mehe
1322 2156 1454 2219 quoque
1476 2147 1511 2200 et
1529 2140 1614 2199 teis
1634 2138 1671 2198 in
1693 2134 1836 2199 laudetis
1857 2136 1925 2197 iltis
1945 2135 1998 2197 io·

257 2274 305 2336 cir
326 2266 432 2335 simili
452 2259 597 2346 quodem
616 2254 715 2321 modo
734 2253 991 2337 interpretanda
1010 2263 1098 2319 mut.
1137 2254 1302 2318 Quonim
1323 2253 1604 2332 andereeeust,
1623 2255 1654 2317 si
1675 2276 1695 2317 e
1714 2238 1898 2318 verborum
1917 2272 1998 2315 con-

257 2356 353 2455 textu
374 2383 540 2461 conjicere
561 2378 658 2476 licet,
680 2375 987 2436 intercesserit
1007 2373 1193 2459 significat,
1214 2381 1355 2436 sesust
1375 2372 1460 2437 bene
1481 2375 1666 2437 'cesserit
1686 2374 1758 2436 sive
1778 2390 1997 2435 successe-

257 2508 319 2570 rit
347 2500 510 2587 expliceri
530 2504 656 2580 potest:
677 2490 766 2559 unde
785 2502 822 2554 et
841 2490 1043 2572 adjectivum
1065 2511 1227 2555 nereum
1248 2490 1310 2570 VI,
1332 2490 1365 2569 b,
1386 2493 1406 2554 2
1429 2499 1462 2553 et
1482 2493 1526 2568 5..
1555 2490 1644 2574 quod
1664 2492 1789 2555 bonum
1810 2508 1997 2553 successum

256 2623 376 2688 hebuit
396 2622 469 2682 sive
501 2615 602 2691 felix,
636 2620 670 2675 et
690 2610 890 2674 adverbium
911 2629 1004 2673 ee-so
1024 2609 1058 2674 h.
1077 2628 1107 2672 c.
1128 2610 1218 2672 bono
1238 2620 1317 2672 cum
1336 2628 1490 2672 successu
1519 2632 1545 2676 s.
1566 2611 1729 2701 feliciter,
1761 2607 1901 2674 deduco.
1951 2606 1999 2670 Ut

256 2752 368 2807 autem
388 2736 502 2800 mehe
522 2743 558 2805 et
578 2734 665 2794 teie
687 2729 803 2795 eodem
824 2727 924 2793 modo
946 2729 1172 2810 interpreter,
1198 2748 1305 2810 nequo
1326 2726 1470 2802 Graeca,
1505 2710 1619 2811 neque'
1632 2728 1755 2791 Latina
1775 2728 1891 2815 lingua
1912 2724 1999 2789 mibi

256 2860 398 2939 sufficit,
430 2856 498 2916 nisi
519 2851 630 2913 mehe
662 2852 726 2933 p'ro
747 2849 883 2931 antiquo
904 2866 1024 2909 mane
1060 2849 1084 2909 ἱ.
1105 2866 1135 2912 e.
1160 2846 1261 2925 bene,
1297 2844 1576 2926 undemelius,
1600 2854 1634 2908 et
1655 2849 1740 2909 tete
1760 2864 1824 2929 pro
1846 2854 1999 2928 topper

256 2983 281 3048 i.
304 2999 332 3042 e.
357 2966 516 3052 ebnoxios
538 2968 665 3031 dictum
684 2967 780 3030 vetis.
824 2965 927 3037 Sene,
949 2964 1045 3027 Festo
1067 2972 1170 3043 teste,
1202 2984 1359 3027 menum
1380 2966 1509 3048 antiqui
1530 2965 1681 3028 bonum
1702 2963 1876 3041 dicebaut,
1906 2960 1998 3025 unde

256 3106 326 3160 tam
346 3092 488 3156 Menos
510 3097 544 3151 et
564 3085 775 3161 immunis,
806 3102 904 3166 quem
924 3081 1155 3167 ωαυε,11.ο.
1176 3080 1363 3165 bonepers
1384 3083 1472 3162 diei,
1506 3092 1540 3146 et
1564 3093 1759 3147 maturus
1781 3082 2000 3145 deriventurr

185 3246 196 3261 =
258 3234 297 3278 ec
318 3212 432 3275 nescio
453 3228 495 3271 au
516 3204 719 3269 erematia
738 3200 943 3265 Umbrorum
959 3219 1012 3263 ex
1040 3198 1157 3265 eodem
1185 3203 1277 3264 tonte
1299 3199 1450 3264 derivari
1471 3203 1587 3284 possit.
1639 3202 1733 3265 Inter
1764 3220 1803 3264 ee
1823 3200 1999 3281 vocabule,

258 3352 342 3417 quae
362 3326 442 3413 quid
460 3325 669 3412 significent,
691 3321 825 3383 nonnisi
845 3339 864 3382 e
884 3319 1067 3384 verborum
1087 3327 1246 3382 contextu
1266 3320 1391 3401 conjici
1411 3319 1506 3395 licet,
1533 3320 1596 3382 ilia
1616 3329 1695 3384 sunt
1715 3320 1888 3383 intellectu
1910 3317 1999 3401 disti·
2057 3368 2061 3375 .

258 3452 397 3519 cittirna,
418 3462 502 3526 quae
521 3463 590 3505 uno
611 3448 741 3502 tentum
762 3440 911 3501 alterove
933 3439 1008 3500 loco
1031 3436 1200 3521 leguntur.
1241 3437 1291 3499 Ex
1312 3456 1352 3499 eo
1374 3456 1499 3526 genere
1519 3448 1599 3502 sunt
1619 3438 1723 3501 verba
1743 3434 1902 3503 Fronte
1921 3436 1956 3502 F
1957 3458 2000 3502 e-

257 3590 304 3634 re
325 3565 387 3646 IV,
409 3584 439 3643 e,
459 3563 501 3628 29
523 3568 556 3623 et
575 3561 641 3637 3⁷,
672 3576 815 3640 quorum
847 3554 934 3617 illud
955 3552 1088 3639 quidem
1108 3562 1250 3637 propter
1270 3558 1424 3640 apposite
1446 3555 1610 3636 adjectiva
1630 3555 1733 3645 ordo,
1765 3554 1879 3642 cipe,
1912 3573 1997 3638 quus
2038 3600 2042 3611 .

258 3695 371 3749 atrum
390 3683 544 3755 albumve
565 3675 714 3741 colorem
734 3673 927 3762 designant,
954 3674 1173 3737 vesculum
1193 3672 1345 3737 indicare
1364 3672 1520 3749 videtur3
1550 3672 1607 3738 sed
1621 3674 1694 3736 *boc
1714 3673 1797 3758 quid
1817 3671 1997 3761 significet,

259 3806 425 3867 incertum
445 3805 605 3869 maneret,
625 3796 692 3857 nisi
711 3792 833 3872 V11‚e,
853 3792 893 3855 21
902 3799 937 3854 et
948 3794 1001 3857 st.
1022 3801 1058 3855 et
1079 3800 1155 3855 atre
1176 3799 1211 3855 et
1231 3794 1305 3856 elba
1326 3793 1471 3871 vascula,
1493 3811 1556 3854 ceu
1574 3792 1686 3855 lancee
1706 3803 1851 3872 saturae,
1874 3793 1997 3876 plene

259 3927 480 3996 vocarentur,
515 3917 570 3979 cni
591 3912 796 3997 adjectivum
816 3914 955 3975 fertus
978 3909 1165 3992 respondet
1219 3910 1270 3976 Dc
1291 3912 1393 3974 litera
1414 3931 1433 3973 r
1452 3913 1574 3974 omissa
1595 3920 1629 3973 et
1650 3910 1692 3975 de
1713 3930 1732 3974 o
1753 3920 1789 3974 et
1808 3909 1830 3991 f
1846 3913 1940 3973 inter
1960 3929 1999 3973 ee

235 4038 456 4131 ,permutatis
477 4035 576 4116 pluro
594 4038 663 4114 jem
684 4030 835 4114 exempla
855 4028 1020 4108 vidimus,
1051 4038 1091 4092 ut
1111 4031 1220 4113 ipsum
1241 4026 1433 4113 neFedro
1453 4028 1498 4108 V,
1520 4050 1550 4109 a,
1571 4029 1624 4096 ³9.
1647 4031 1670 4091 i.
1690 4049 1719 4096 e.
1742 4029 1998 4106 confercito,

186 4144 189 4149 ¹
258 4174 408 4245 proquo
428 4152 473 4230 V,
487 4170 524 4228 a,
546 4153 597 4215 dt).
619 4151 796 4214 xeFeere
817 4150 980 4231 scriptum
1002 4156 1063 4212 est.
1107 4146 1292 4214 Quodnisi
1314 4146 1573 4226 concederetur,
1601 4148 1688 4212 Fere
1708 4166 1771 4228 pro
1794 4148 1999 4229 imperativo·

258 4276 406 4342 vehito
427 4265 655 4352 accipiendum
678 4271 782 4330 ioretr
809 4268 953 4354 legimus
983 4268 1074 4329 euim
1093 4266 1171 4344 v11,
1193 4286 1223 4344 a,
1244 4268 1296 4333 tt.
1325 4267 1468 4331 iiclam
1492 4268 1691 4329 arsveitu
1716 4284 1780 4348 pro
1816 4266 1999 4350 pbielum

257 4393 459 4461 errsbito
480 4410 506 4452 e.
526 4394 677 4470 pateram
696 4387 874 4469 porrigito.
973 4444 976 4451 ,
1059 4395 1063 4404 “
1812 4354 1821 4373 ’

422 4511 475 4575 35.
520 4502 586 4568 Sed
606 4502 648 4567 de
668 4522 751 4567 voce
772 4503 892 4579 ficta,
915 4501 1069 4585 quaeVI,
1087 4502 1280 4575 edbinter
1300 4500 1437 4565 tesedi
1459 4512 1494 4565 et
1513 4502 1727 4582 arsveitu,
1750 4502 1871 4586 quibus
1890 4499 1998 4564 verba

257 4629 399 4713 τενξιτιμ
419 4623 564 4710 udFreve
583 4621 646 4700 IV,
669 4641 699 4699 a,
720 4623 751 4684 6.
773 4619 993 4701 respondent,
1027 4622 1155 4683 ineerta
1175 4629 1242 4693 est,
1264 4640 1352 4683 nunc
1373 4621 1472 4703 pluro
1492 4620 1575 4681 mibi
1604 4618 1743 4691 dicenda
1766 4628 1855 4683 sunt.
1900 4618 1998 4681 iilam

258 4768 375 4813 vocem
396 4752 487 4812 sexta
508 4743 712 4825 septimaque
733 4737 866 4802 tabulae
886 4741 986 4802 toties
1007 4739 1177 4819 exhibent,
1199 4739 1470 4822 quotiescumque
1490 4739 1527 4799 iu
1548 4748 1664 4822 quarta
1685 4734 1931 4827 αρεπέραρϊες
1950 4736 1998 4800 le-
2061 4712 2065 4720 ⁸

258 4869 371 4955 gitur,
392 4867 426 4932 b.
450 4883 479 4929 e.
501 4864 537 4924 iu
558 4862 626 4925 fine
646 4859 792 4940 cujusvis
813 4858 985 4921 moritui:
1006 4858 1112 4923 verba
1130 4877 1215 4924 vero
1234 4855 1300 4922 hoc
1320 4857 1420 4923 modo
1440 4858 1633 4923 varientur:
