4364 5754
351 1944 354 1949 ·
468 1928 473 1937 ·
548 1861 900 1975 -···³P··r.a
967 1862 1289 1966 etat
1354 1863 1378 1966 ᾗ
1444 1895 1642 1966 „W
1722 1914 1725 1919 .
1823 1924 1854 1953 ,Ι

909 2177 1236 2188 ———--——————-—-

352 2398 355 2407 .
824 2386 838 2409 ·.
1101 2404 1105 2411 ,
1429 2352 1502 2403 '·=.
1559 2367 1917 2419 ··11.··=···,···=··.·

272 2534 276 2553 .
333 2532 348 2557 ,ι
383 2424 606 2585 Expositis?
638 2489 834 2564 nominum
865 2489 1133 2584 verborumque
1166 2488 1428 2565 Umbriaorum
1458 2489 1699 2578 tiexiun'but,¹
1727 2488 1928 2561 nihilfaue

159 2701 162 2706 .
221 2641 479 2740 expliumd‘um
493 2643 718 2733 <restat:nisi
742 2640 1000 2737 partienlm
1022 2662 1259 2736 uruquuam
1284 2641 1435 2735 quidem
1460 2639 1843 2733 jam-saepiusattigi,
1856 2639 1930 2712 aad·

221 2795 329 2868 latius
354 2794 545 2870 ostendere
564 2792 653 2867 lieet
675 2792 791 2869 exiis
799 2814 945 2886 ,equae
959 2793 1008 2862 in.
1026 2801 1125 2863 sexta
1149 2788 1535 2888 septimaquetalsulis
1552 2800 1706 2886 quintae
1729 2790 1929 2888 praaaqptis'
2003 2868 2006 2874 ,

223 2948 345 3019 addita
370 2957 463 3018 sunt.
514 2943 585 3015 His
610 2943 720 3036 igitur
744 2940 970 3015 illustrandis
994 2941 1203 3039 plurissim-
1218 2943 1391 3040 equidem
1409 2942 1503 3035 ‚daffi
1512 2947 1775 3040 upoiunngqua
1798 2944 1929 3016 atauus
2010 3000 2013 3005 .

224 3099 349 3169 omnia
372 3097 418 3168 ad
442 3090 627 3190 liquidum
652 3094 803 3188 perduci
825 3099 1043 3189 potuerunt,
1068 3094 1224 3167 minime
1251 3105 1305 3166 est
1328 3095 1557 3186 mirandum,
1582 3119 1698 3190 quum
1724 3105 1760 3166 et
1783 3117 1860 3187 ras,
1883 3093 1930 3166 de

225 3250 358 3343 quibus
382 3248 517 3342 a'gitur,
552 3256 588 3318 et
612 3246 736 3336 verba,
772 3245 905 3339 quibus
930 3269 987 3317 res
1012 3244 1265 3339 designantur,
1289 3246 1368 3339 pari
1393 3246 1611 3321 obscuritate
1635 3244 1809 3320 laborant
1858 3243 1941 3319 Res

223 3401 323 3471 enim
348 3399 529 3494 pertinent
552 3397 598 3468 ad
613 3397 849 3489 auguriorum
875 3419 1131 3492 sacrorumque
1145 3396 1248 3488 ritus,
1274 3421 1377 3494 quos,
1403 3413 1519 3495 quum
1544 3421 1672 3471 omnes
1684 3397 1932 3471 Romanorum

227 3551 314 3624 libri
338 3548 485 3622 rituales
510 3549 735 3639 interierint,
760 3543 870 3621 demo
895 3547 1112 3644 scriptorum
1136 3559 1301 3621 veterum
1327 3550 1411 3622 satis
1436 3550 1577 3642 docuit,
1601 3549 1674 3640 vel,
1699 3549 1732 3621 si
1757 3550 1839 3645 quis
1862 3548 1931 3622 llo-
1965 3565 1969 3574 '

225 3728 353 3776 manos
383 3703 475 3776 ritus
500 3702 699 3790 docuisset,
731 3700 794 3771 vix
826 3701 911 3773 satis
943 3699 1228 3795 intelligeremus
1252 3699 1448 3774 Umbrieos
1480 3711 1626 3798 propter
1658 3699 1863 3794 linguarum
1897 3709 1933 3771 et

226 3879 374 3929 morum
405 3877 549 3952 quoque
583 3853 870 3945 discrepantiam.
921 3851 977 3924 De
1011 3852 1170 3946 auguriis
1204 3849 1358 3949 aliisquo
1390 3854 1500 3925 rebus
1534 3851 1643 3924 saeris
1676 3873 1785 3946 quam
1817 3847 1933 3923 multa

84 4099 87 4103 ι
227 4009 300 4100 ipsi
323 4006 478 4079 Romani
504 4028 578 4075 non
602 4001 855 4092 intellexerint,
881 4010 988 4074 testes
1013 4013 1097 4075 sunt
1120 4001 1249 4074 Festus
1275 4014 1311 4077 et
1335 4002 1534 4095 Arnobius,
1559 4025 1718 4098 quorum
1742 3998 1806 4072 ille
1830 3999 1931 4074 alites

230 4157 392 4252 quidem,
412 4153 623 4251 sanqualem
637 4164 673 4227 et
684 4152 934 4226 immissulum
948 4153 1024 4225 sive
1033 4154 1307 4246 immussulum,
1321 4179 1412 4251 quos
1428 4177 1579 4250 augures
1591 4154 1773 4228 Romanos
1784 4175 1932 4248 magnae
1953 4173 1970 4199 ³

228 4306 449 4403 quaestionis
473 4306 642 4378 habuisse
668 4303 808 4377 Plinius
832 4304 882 4379 H.
907 4306 952 4380 Ν.
978 4304 1028 4396 X,
1049 4305 1083 4378 7.
1109 4305 1313 4401 profitetur,
1337 4308 1566 4403 interpretari
1590 4316 1739 4380 conatus
1764 4315 1837 4396 est,
1861 4304 1930 4377 im-

228 4458 435 4532 mussulum
469 4468 590 4530 tamen
623 4457 726 4553 quasi
759 4456 920 4553 sanquali
953 4454 1170 4529 similiorem
1207 4459 1252 4530 ab
1290 4457 1498 4533 immissulo
1536 4460 1744 4533 distinxisse
1775 4456 1931 4530 videtur.

230 4613 340 4708 Apud
366 4611 523 4682 eundem
548 4608 697 4704 legitur:
725 4605 964 4712 »Marspedis
989 4610 1065 4680 sive
1090 4609 1169 4682 sine
1195 4633 1216 4681 r
1240 4609 1343 4684 litera
1367 4607 1565 4707 Marpedia
1589 4611 1630 4682 in
1652 4608 1857 4706 precatione
1877 4629 1933 4680 so·

232 4762 468 4836 »litaurilium
494 4762 583 4857 quid
608 4759 794 4856 significet,
818 4785 864 4834 ne
877 4759 1045 4833 Messalla
1067 4761 1218 4856 quidem
1243 4785 1356 4857 augur
1380 4762 1418 4833 in
1436 4760 1685 4858 explanatione
1701 4747 1933 4855 auguriorum

190 4957 193 4969 ι
234 4913 413 5010 »reperire
437 4939 476 4987 se
500 4913 662 5010 potuisse
687 4915 788 5006 ait3«
813 4913 910 5010 apud
934 4912 1142 4986 Arnobium
1167 4923 1287 4987 autem
1314 4913 1484 4987 adversus
1510 4922 1605 5007 gent.
1631 4912 1674 4986 L.
1700 4913 1783 4989 vll.
1811 4909 1934 4995 »Quid
1992 4893 2000 4905 ³
