4364 5754
290 753 341 834 jns
361 751 453 813 Latii
484 757 701 833 acceperunt,
734 748 821 809 sicut
851 744 1002 808 omnibns
1022 741 1156 806 Umbris
1180 745 1298 807 civitas
1327 740 1403 807 data
1432 754 1480 808 est
1507 763 1535 806 a.
1559 742 1599 807 11.
1624 763 1651 806 c.
1675 748 1766 824 did,
1797 740 1916 807 Cicero
1946 760 2017 830 pro

289 869 390 933 Balbo
412 889 440 931 c.
464 869 514 931 20.
538 867 699 929 meminit.

453 987 485 1051 b.
530 979 811 1066 Quemadmodum
833 983 926 1066 picus
947 1000 1013 1042 non
1033 981 1141 1043 solnm
1163 979 1250 1065 apud
1270 978 1427 1061 Sabinos,
1456 993 1494 1046 nt
1514 980 1634 1045 Strabo
1655 981 1701 1060 V,
1723 984 1755 1061 4,
1775 985 1805 1047 2.
1828 1001 1902 1068 pag.
1924 980 2017 1057 2411,

292 1117 325 1169 et
345 1106 381 1166 in
402 1106 521 1181 Latio,
555 1113 592 1166 nt
614 1102 740 1165 Plinius
761 1100 806 1162 H.
830 1099 873 1162 N.
898 1098 960 1176 III,
982 1102 1023 1163 20
1045 1101 1112 1177 (18)
1144 1111 1177 1163 et
1196 1099 1392 1163 Plutarchus
1414 1099 1453 1182 Q.
1482 1100 1520 1162 lt.
1543 1103 1594 1165 21.
1626 1109 1805 1178 testantur,
1837 1096 1894 1161 sed
1926 1092 2019 1182 apud

291 1223 434 1288 Umbros
454 1241 603 1305 quoque,
635 1231 674 1283 nt
706 1229 816 1281 sextae
849 1217 979 1279 tabulae
1012 1219 1146 1280 initium
1171 1214 1284 1296 docet,
1317 1221 1353 1279 in
1373 1218 1523 1304 auguriis
1544 1216 1739 1302 principalis
1759 1218 1829 1279 avis
1845 1212 1932 1293 luit,
1964 1216 2017 1276 sic

291 1345 392 1406 etiam
413 1341 565 1405 omnibus
586 1339 638 1399 his
659 1337 791 1422 populis
812 1338 993 1418 antiquitus
1013 1312 1120 1398 Marti
1140 1355 1232 1397 sacra
1252 1335 1375 1419 templa
1395 1337 1544 1414 fuerunt,
1567 1355 1709 1417 quorum
1730 1332 1820 1397 aliud
1834 1334 2018 1417 Dionysius

290 1460 369 1524 Hal.
393 1458 420 1519 I.
443 1478 516 1545 pag.
541 1462 578 1521 ll
600 1476 646 1538 sq.
670 1457 706 1515 in
727 1456 808 1517 urbe
829 1452 1030 1516 Sabinorum
1057 1453 1162 1533 Suna,
1196 1453 1289 1515 aliud
1320 1457 1355 1515 in
1382 1454 1466 1515 urbe
1492 1452 1598 1530 Tiora
1622 1452 1770 1516 Matiana
1795 1452 2018 1540 Aboriginum

291 1586 465 1655 memorat,
488 1571 576 1657 qnod
596 1572 729 1657 quidem
751 1573 924 1635 oraculum
944 1575 1208 1656 antiquissimum
1228 1569 1316 1633 haud
1336 1573 1486 1634 absimile
1507 1573 1609 1634 fuerit
1626 1569 1819 1649 Dodonaeo,
1840 1571 1906 1631 nisi
1926 1565 2018 1651 quod

291 1693 452 1759 Dodonae
473 1690 587 1754 sedens
609 1693 645 1751 in
665 1711 759 1752 sacra
779 1712 905 1775 quercu
926 1691 1096 1770 columba,
1129 1687 1215 1774 apud
1235 1688 1433 1777 Aborigines
1465 1698 1581 1751 contra
1613 1690 1705 1772 piens
1732 1692 1767 1749 in
1800 1688 1954 1749 columna
1974 1684 2018 1746 li·

292 1833 375 1903 gnea
394 1812 644 1874 vaticinaretur.
686 1808 793 1895 Agros
815 1805 960 1870 Casilnm
981 1828 1062 1871 vero
1084 1818 1181 1891 atque
1198 1806 1347 1869 Tlatium
1373 1804 1414 1870 ad
1433 1809 1569 1870 vicum
1589 1807 1745 1869 Martis
1766 1804 2017 1868 Tudertium

292 1931 489 2017 pertinuisse
510 1936 608 2012 puto,
642 1945 785 2008 quorum
810 1928 920 1988 vicani
952 1929 988 1988 in
1020 1925 1133 1988 multis
1163 1926 1434 2010 inscriptionibus
1455 1921 1542 2008 apud
1563 1921 1697 1986 Gruter.
1722 1920 1963 2002 CCCCXXIII,
1986 1926 2015 1985 1.

292 2045 478 2124 MXXXII,
502 2049 530 2108 l.
553 2039 803 2120 MLXXXVII,
826 2047 855 2108 9.
886 2052 919 2104 et
939 2041 1026 2127 apud
1047 2043 1172 2106 Murat.
1195 2041 1438 2122 DCCCXLIV,
1460 2047 1489 2108 9.
1520 2039 1632 2120 MXC,
1655 2047 1685 2107 6.
1708 2042 1876 2129 leguntur.
1920 2036 2020 2122 Quod

292 2169 322 2228 si
342 2183 422 2251 ager
440 2159 799 2225 TlatinsDoIatium
818 2162 894 2235 fuit,
918 2179 1060 2242 quorum
1081 2180 1230 2221 nummos
1250 2180 1333 2222 voce
1351 2157 1512 2240 Τλα(τε)
1533 2163 1711 2244 inscriptos
1732 2182 1772 2223 ex
1792 2180 1864 2222 mea
1885 2156 2019 2242 quidem

293 2285 470 2354 sententia,
503 2296 602 2361 quam
632 2281 669 2339 in
688 2275 896 2361 Ephemerid.
920 2277 1172 2339 Hannoveranis
1201 2279 1439 2339 numismaticis
1470 2298 1498 2338 a.
1529 2280 1617 2344 1835.
1652 2299 1703 2339 nr.
1727 2276 1890 2340 XXVIII.
1914 2275 1942 2358 5.
1966 2279 2016 2343 13.

294 2414 327 2466 et
347 2422 376 2463 a.
400 2401 490 2467 1896.
514 2416 564 2458 nr.
589 2394 669 2473 VII,
690 2395 718 2478 ᾗ.
740 2400 770 2462 4.
794 2398 831 2456 in
852 2393 999 2456 medium
1019 2393 1165 2478 protuli,
1196 2413 1371 2479 perperam
1399 2393 1441 2457 ad
1461 2393 1651 2458 Telamonis
1672 2408 1806 2481 portum
1827 2399 1862 2457 in
1883 2396 2020 2458 Etruria

292 2520 491 2595 retulerunt,
515 2513 662 2593 Dolates,
684 2534 766 2597 qnos
788 2513 916 2576 Plinius
937 2514 982 2575 H.
1005 2513 1049 2575 N.
1072 2512 1133 2591 III,
1157 2516 1196 2578 19
1218 2513 1286 2590 (ll)
1308 2514 1396 2575 inter
1408 2512 1565 2576 Umbriae
1586 2515 1727 2599 populos
1748 2525 1907 2593 recenset,
1930 2511 2019 2577 hand

292 2635 412 2723 procul
433 2634 610 2695 abfuerunt
629 2632 671 2693 ab
692 2632 754 2695 illo
775 2634 851 2695 iano
873 2632 1012 2710 Martis,
1043 2632 1137 2709 cujus
1158 2628 1280 2693 rudera
1300 2630 1352 2692 his
1374 2634 1453 2714 ipsis
1475 2633 1680 2717 temporibus
1702 2631 1829 2696 detecta
1850 2630 2018 2696 dicuntur.

183 2806 184 2811 ,
292 2753 398 2818 Iidem
419 2761 544 2827 autem,
567 2753 645 2832 quia
664 2746 842 2813 Sallentini
864 2761 959 2813 erant
980 2751 1193 2836 cognomine,
1219 2749 1331 2811 verbis
1352 2751 1373 2810 I
1381 2748 1571 2831 απεξκεμ
1598 2771 1725 2832 νθμεμ
1748 2750 1809 2829 IV,
1832 2772 1862 2829 a,
1886 2753 1936 2817 17.
1958 2750 1981 2814 J
1987 2770 2021 2813 a·

294 2874 463 2935 buscom
494 2886 605 2927 nome
637 2865 699 2942 VI,
722 2886 753 2944 a,
774 2870 826 2933 58.
860 2871 930 2928 sive
957 2867 1135 2951 Japnsco
1167 2887 1282 2929 nome
1303 2866 1384 2946 VII,
1407 2887 1437 2945 a,
1459 2870 1509 2933 47.
1544 2865 1710 2956 designari
1740 2867 1906 2932 videntur.
1948 2870 2019 2932 Etsi

296 2992 384 3054 enim
404 2986 601 3071 Japygicum
632 3001 751 3043 nomen
782 2985 818 3042 in
850 2992 967 3065 quarta
998 2983 1127 3062 tabula,
1160 2986 1333 3063 interjecta
1357 3006 1440 3048 voce
1460 3007 1608 3067 νεμεμ,
1630 3008 1649 3048 a
1669 2988 1807 3069 reliquis
1828 2986 2013 3050 Tarsinatis

294 3106 402 3170 tribus
422 3100 610 3165 nominibus
632 3109 821 3183 separatum
842 3109 908 3177 est,
930 3098 967 3161 id
987 3110 1097 3162 tamen
1118 3098 1159 3162 ad
1177 3100 1317 3188 Iapyges
1339 3106 1448 3186 potius
1469 3106 1504 3164 in
1525 3103 1675 3182 Umbria,
1698 3126 1795 3185 quam
1816 3102 1858 3166 ad
1879 3104 2020 3167 Umbros

293 3226 331 3286 in
350 3223 490 3308 iapygia
510 3220 630 3280 refero.
674 3218 794 3280 Micali
815 3216 948 3301 quidem
970 3219 992 3279 l.
1015 3219 1038 3279 1.
1068 3218 1108 3281 Τ.
1132 3219 1158 3280 I.
1181 3239 1254 3306 pag.
1278 3224 1327 3286 71.
1352 3221 1388 3281 in
1410 3204 1562 3309 Gargano
1583 3232 1711 3301 monte,
1735 3243 1831 3304 quem
1851 3223 2021 3312 Virgilius

296 3338 334 3401 A.
356 3336 418 3417 XI,
439 3340 511 3403 247.
534 3334 690 3422 Iapygem
718 3354 780 3419 pro
802 3333 910 3418 Apulo
932 3336 1122 3420 appellavit,
1144 3337 1266 3401 vallem
1287 3340 1377 3400 inter
1398 3339 1500 3401 colles
1519 3339 1658 3402 silvosos
1680 3343 1858 3403 etiamnum
1878 3340 2022 3404 Umbro·

296 3478 373 3521 rum
392 3456 525 3517 nomine
547 3455 710 3540 insignem
730 3455 875 3536 reperit3
896 3453 953 3515 sed
973 3452 1247 3536 quemadmodum
1267 3455 1386 3518 Umbri
1407 3458 1442 3518 in
1463 3456 1633 3544 Apuliam,
1655 3461 1704 3520 sic
1724 3457 1865 3547 Iapyges
1886 3462 1923 3521 in
1941 3458 2022 3524 Um-

296 3577 404 3641 briam
424 3575 570 3660 migrare
591 3580 782 3654 potuerunt.

461 3695 491 3757 6.
515 3690 655 3752 Romani
686 3686 801 3750 eadem
832 3685 1024 3773 prudentia,
1056 3711 1120 3779 qua
1142 3691 1287 3754 colonias
1320 3694 1444 3758 civium
1466 3696 1627 3759 mllitares
1649 3674 1868 3774 deducebant,
1903 3698 2022 3782 quibus

297 3834 394 3899 agros
415 3818 592 3895 occupatos
613 3805 843 3885 defenderent,
877 3807 996 3870 Horat.
1019 3807 1053 3869 S.
1077 3808 1122 3887 II,
1146 3813 1175 3888 l,
1197 3811 1238 3876 35
1258 3831 1340 3894 sqq„
1372 3812 1481 3875 hostes
1513 3834 1588 3877 suos
1609 3818 1643 3876 in
1665 3816 1762 3878 Italia
1785 3815 1947 3895 devictos,
1980 3835 2023 3879 ne
2113 3858 2115 3862 -

298 3933 421 3993 iterum
442 3931 587 4005 coirent,
620 3929 655 3988 in
687 3922 834 3988 diversas
865 3928 1016 4012 regiones
1047 3922 1264 3990 abduxerunt.
1308 3927 1418 4010 Quum
1439 3932 1544 4018 igitur
1574 3954 1594 3994 a
1612 3934 1715 3996 Livio
1737 3931 1816 4013 XV,
1840 3937 1920 4019 epit.
1944 3934 2021 3998 coll

299 4045 641 4126 slor.1,to.17sq.
674 4045 811 4128 Eutrop.
847 4042 891 4123 II,
914 4044 944 4109 9.
968 4042 1160 4123 doceamur,
1193 4043 1309 4107 eodem
1335 4049 1405 4110 fere
1425 4060 1593 4136 tempore,
1627 4072 1692 4134 qno
1713 4050 1901 4115 Picentibus
1923 4055 2023 4117 victis

299 4185 362 4250 pax
393 4161 468 4225 data
497 4171 531 4222 et
561 4162 711 4223 coloniae
731 4160 922 4224 Ariminum
953 4165 988 4223 in
1009 4161 1143 4239 Piceno,
1176 4162 1399 4227 beneventum
1432 4170 1466 4230 in
1486 4167 1622 4232 Samnio
1644 4168 1803 4233 deductae
1824 4179 1911 4248 sunt,
1942 4168 2024 4234 Um·

300 4282 377 4343 bros
409 4290 442 4341 et
461 4276 664 4339 Sallentinos
693 4281 800 4341 victos
822 4291 918 4362 atque
949 4283 985 4341 in
1007 4278 1209 4343 deditionem
1231 4294 1382 4367 acceptos
1404 4306 1489 4365 esse,
1522 4285 1602 4370 quid
1632 4290 1737 4376 magis
1759 4299 1808 4351 est
1827 4289 2024 4368 verisimile,

300 4419 399 4485 qnam
420 4395 620 4460 Sallentinos
641 4405 712 4457 tum
735 4416 752 4458 e
773 4397 912 4484 Japygia
932 4399 968 4458 in
988 4398 1177 4479 Umbriam,
1212 4398 1355 4463 Umbros
1384 4414 1499 4466 contra
1525 4408 1560 4466 in
1580 4403 1735 4488 Apuliam
1757 4427 1825 4469 esse
1845 4404 2026 4470 abductos?

300 4517 358 4582 Sic
390 4518 477 4579 enim
497 4513 647 4576 Picentes
678 4534 829 4596 quoque,
863 4512 972 4577 Strab.
996 4516 1041 4595 V,
1063 4527 1147 4581 extr.
1169 4515 1254 4578 Plin.
1283 4519 1327 4580 II.
1351 4519 1396 4585 N.
1420 4520 1480 4600 III,
1502 4526 1553 4600 9.,
1586 4521 1628 4584 ad
1648 4522 1796 4587 Silarum
1828 4544 1958 4586 amnem
1989 4527 2026 4586 in

300 4637 449 4700 Lucania
482 4632 666 4695 habitantes
699 4631 856 4719 legimus,
889 4652 953 4715 quo
983 4636 1053 4695 sine
1074 4633 1178 4697 dnbio
1200 4632 1316 4698 eodem
1337 4648 1485 4725 tempore
1506 4638 1641 4704 abducti
1663 4654 1755 4721 sunt,
1788 4663 1853 4726 quo
1874 4643 2025 4722 Romani,

300 4766 374 4841 post
393 4753 590 4816 Tarentinos
610 4752 716 4813 victos
737 4769 765 4810 a.
789 4736 881 4811 Nic.
904 4752 974 4817 487.
1007 4753 1110 4814 totins
1132 4752 1248 4815 Italiae
1268 4757 1409 4840 imperio
1431 4760 1542 4840 potiti,
1576 4760 1925 4842 quatuorQuaestores
1947 4781 2027 4846 pro·

302 4871 458 4937 vinciales
479 4872 647 4948 iecerunt,
670 4887 813 4952 quorum
834 4869 960 4953 primus
982 4870 1094 4934 Ostiae
1122 4891 1252 4936 omnem
1273 4875 1444 4962 regionem
1471 4878 1561 4941 inter
1581 4877 1727 4942 Tuscum
1748 4898 1838 4942 mare
1860 4890 1894 4944 et
1914 4878 2027 4966 Apen-
