4364 5754
997 561 1202 631 ...23-

316 723 411 814 sing·
444 725 531 807 serf,
567 719 695 806 ”sibim
726 719 897 800 arbaidim
927 722 1039 806 Josie,
1079 725 1223 807 hortatu,
1263 725 1448 792 onboslots.

315 845 408 911 Plur·
440 864 545 923 nem,
564 840 699 919 *sibilia
720 841 902 936 nnisibs'tir5
923 842 1046 920 Jonies,
1077 845 1231 928 bostotir,
1261 845 1454 912 nnbostntir.

398 966 450 1031 26.
492 964 561 1028 Hic
582 964 762 1052 singularis
782 962 860 1046 satu
879 963 967 1045 fons,
994 985 1092 1046 pacet
1109 986 1188 1047 pase
1215 976 1273 1029 tau
1292 964 1337 1029 ad
1363 986 1463 1031 unam
1482 963 1628 1028 Tarsam
1647 963 1793 1042 lovium,
1824 960 1965 1048 pluralis

237 1101 320 1148 vcro
338 1082 450 1164 saluto
472 1083 579 1164 foster,
605 1103 723 1164 poster
741 1104 820 1166 pase
841 1094 948 1148 nestro
975 1083 1018 1146 ad
1037 1087 1104 1148 tria
1123 1088 1259 1148 uomina
1286 1085 1387 1148 simul
1409 1087 1555 1168 respicit.
1601 1082 1693 1146 Idem
1714 1093 1825 1147 tamen
1847 1080 1887 1145 de
1907 1101 1964 1170 pe·
2060 1108 2063 1113 ·

235 1203 351 1265 nitivis
371 1212 499 1276 ararat
519 1222 574 1264 ero
596 1177 663 1264 dici
683 1205 820 1285 nequit3
851 1202 909 1265 sed
929 1224 948 1266 e
968 1207 1145 1288 postremis
1166 1224 1304 1289 precum
1323 1204 1437 1267 verbis
1457 1202 1566 1281 ero(m)
1593 1222 1712 1283 nomae,
1741 1223 1815 1268 erar
1840 1219 1962 1279 nomae,

234 1322 456 1407 cognoscitur,
485 1320 648 1405 pluralem
669 1321 781 1400 nanim)
802 1319 845 1382 ad
866 1323 1080 1386 collectivum
1098 1324 1195 1404 paple
1216 1332 1305 1386 totus
1324 1324 1356 1394 1(
1355 1324 1515 1404 jlooinar,
1544 1321 1748 1407 singularem
1776 1339 1859 1383 vero
1888 1339 1965 1385 erar

232 1437 275 1501 ad
295 1437 447 1503 dativum
467 1448 535 1502 tote
554 1440 720 1520 dolosius
731 1439 944 1503 referendum
969 1462 1049 1508 essa
1091 1441 1284 1506 Notandum
1305 1452 1427 1520 autem,
1457 1439 1547 1525 quod
1568 1438 1682 1502 eadem
1702 1440 1848 1517 nomina,
1878 1457 1962 1522 qnae

233 1557 482 1641 populototius
503 1557 662 1645 Iguvinae
683 1560 719 1620 in
739 1558 865 1642 plurali
886 1579 1024 1624 numero
1046 1562 1156 1639 (neme
1177 1571 1210 1624 et
1228 1559 1369 1636 antes)
1381 1560 1604 1644 apponuntur,
1637 1559 1701 1621 toti
1722 1556 1879 1620 Tadinati
1899 1558 1963 1621 tri·

232 1675 292 1739 bui
311 1678 347 1739 in
366 1677 533 1764 singulari
552 1674 645 1757 (serf
661 1687 696 1741 et
714 1675 825 1760 Joste)
846 1682 997 1763 apposita
1012 1680 1088 1743 siut.
1111 1680 1160 1740 Ex
1172 1679 1224 1741 his
1243 1654 1433 1741 nominibus
1453 1677 1531 1757 καί
1551 1679 1616 1754 jam
1637 1697 1737 1761 supra
1757 1678 1794 1738 iu
1814 1675 1961 1738 ablativo

232 1813 310 1857 casu
328 1808 391 1881 pro
405 1800 606 1880 'magistrats
626 1800 772 1881 positum
791 1795 954 1878 vidimus3
975 1816 1071 1864 netas
1091 1807 1202 1860 tamen
1223 1795 1374 1860 dativum
1394 1796 1535 1881 pluralis
1551 1773 1630 1874 esse,
1653 1813 1703 1878 ea,
1725 1812 1810 1877 quas
1830 1803 1961 1858 anteon·

230 1910 325 1991 dunt,
351 1916 519 1977 evincunt.
564 1913 660 1979 Josie
689 1914 834 1998 quidem,
865 1918 895 1977 si
924 1935 1000 1977 cum
1019 1915 1115 1997 puple
1145 1925 1369 2000 comparatur,
1402 1918 1438 1978 iu
1467 1910 1580 1978 dativo
1613 1933 1690 1976 casu
1717 1915 1863 1998 positum
1891 1930 1960 1975 esso

230 2028 376 2111 videtur,
409 2016 684 2115 quemadmodum
709 2030 825 2099 Jostes
851 2036 889 2096 iu
915 2035 1041 2119 plurali
1073 2054 1228 2111 nnmer03
1272 2045 1307 2097 at
1337 2056 1438 2118 quum
1468 2014 1618 2118 appbsita
1648 2033 1784 2096 uomina
1813 2030 1958 2109 boslstu,

229 2148 444 2229 na(d)ostuto,
477 2152 514 2211 iu
532 2150 680 2213 ablativo
702 2171 779 2214 casu
799 2155 907 2236 posita
926 2154 1004 2232 siut,
1032 2148 1129 2216 Jonie
1156 2125 1220 2237 pro
1239 2150 1384 2219 Jonieme
1404 2154 1448 2214 iu·
1462 2171 1540 2215 casu
1562 2149 1662 2213 locali
1682 2134 1844 2242 scriptum
1864 2157 1959 2232 puto,

227 2266 505 2349 quemadmodum
526 2268 752 2332 antecedentia
772 2273 908 2335 nomina
930 2280 1029 2336 lotum
1053 2269 1253 2336 Tarsinotem
1276 2271 1359 2352 trifo
1379 2281 1442 2335 cst.
1485 2268 1555 2334 Cur
1581 2264 1642 2331 illa
1662 2270 1798 2331 nomina
1824 2269 1861 2328 in
1882 2286 1960 2348 casu

227 2386 331 2450 locali
352 2387 408 2450 vel
427 2387 572 2450 ablativo
601 2390 709 2473 posita
730 2392 808 2468 siut,
840 2388 994 2473 equidem
1021 2387 1133 2452 dicere
1160 2392 1283 2468 nescio,
1316 2392 1394 2472 quia
1421 2388 1563 2452 verbum
1593 2391 1749 2450 omissum
1779 2395 1839 2464 est,
1871 2381 1959 2448 uude

227 2507 362 2567 uomina
381 2503 604 2590 dependeant,
625 2505 683 2569 sed
703 2526 745 2570 ne
765 2508 802 2568 in
822 2510 1012 2570 accusativo
1034 2528 1112 2570 nasu
1132 2511 1238 2591 posita
1259 2517 1366 2592 putes,
1389 2527 1492 2588 quum
1502 2505 1565 2583 VI,
1577 2505 1610 2584 b,
1622 2509 1673 2570 ta
1699 2504 1959 2567 tetemelnvinon

227 2624 264 2685 iu
284 2643 361 2687 casu
382 2624 484 2687 locali
504 2627 667 2710 scriptum
688 2625 830 2714 legatur,
852 2624 1053 2688 monendum
1075 2635 1136 2704 est,
1158 2623 1247 2707 quod
1268 2623 1300 2689 T
1297 2628 1468 2688 ursinotem
1487 2642 1585 2700 nome,
1607 2631 1646 2683 ut
1670 2619 1833 2710 Ταρινατε
1853 2636 1960 2699 roualt

225 2739 288 2822 IV,
307 2761 338 2820 a,
357 2746 419 2823 la,
442 2745 478 2804 iu
499 2753 618 2805 neutro
640 2762 761 2829 genere
782 2745 915 2804 nonnisi
935 2762 998 2826 pro
1019 2762 1096 2804 casu
1118 2742 1220 2804 locali
1241 2743 1358 2804 baberi
1378 2743 1490 2825 possit
1532 2737 1695 2822 Equidem
1718 2758 1821 2821 quum
1851 2739 1957 2821 impe·

225 2861 352 2923 rativos
373 2869 483 2923 casato
504 2859 560 2921 vel
582 2869 725 2922 cavetote
744 2844 944 2942 supplerem,
966 2878 1033 2920 nou
1054 2861 1149 2943 potui
1169 2861 1250 2942 quin
1271 2856 1404 2921 dativus
1423 2877 1485 2943 pro
1507 2858 1585 2938 serf
1597 2867 1632 2920 et
1641 2856 1740 2924 Jone'e
1761 2840 1955 2933 reddereris

223 2974 282 3038 sed
302 2978 437 3039 nomina
457 2977 607 3059 apposita
625 2972 749 3056 *sibilla
772 2971 938 3059 cambitu,
960 2987 994 3040 et
1013 2975 1157 3058 battutas,
1186 2966 1388 3058 nn(b)oetntn
1408 2981 1444 3053 in
1465 2978 1611 3041 ablativo
1633 2996 1711 3038 casu
1731 2950 1840 3060 posita
1859 2983 1954 3057 puto,
1999 2996 2001 3003 ⁸

224 3113 310 3173 quae
330 3114 371 3155 ne
391 3114 454 3178 pro
475 3095 683 3177 imperativis
704 3095 899 3176 habeantur,
921 3095 1101 3181 prohibent
1120 3097 1261 3181 pluralis
1281 3099 1413 3159 numeri
1434 3099 1562 3158 formae
1579 3093 1713 3173 *sibilia
1728 3089 1900 3164 w‘sibitin
1922 3100 1957 3154 et

223 3211 377 3292 boatntir,
399 3211 621 3291 en(l)oststir.
643 3213 802 3276 Dubitari
822 3221 996 3298 praeterea
1017 3216 1142 3296 nequit,
1176 3234 1219 3277 nu
1240 3212 1435 3276 Umbricum
1456 3215 1558 3276 iuisss
1579 3235 1601 3276 α
1613 3214 1830 3297 privativum,
1852 3227 1954 3293 quum

223 3350 267 3394 na
287 3333 332 3395 sit
349 3331 552 3393 Latinorum
573 3334 620 3410 in,
633 3333 730 3395 sicut
749 3333 849 3396 nuder
868 3336 903 3394 iu
926 3332 1074 3420 [gomma
1095 3332 1218 3396 tabulis
1238 3351 1301 3417 prs
1322 3336 1408 3396 inter
1427 3333 1561 3419 legitur.
1943 3305 1945 3311 Ι

388 3452 439 3514 27.
483 3443 599 3513 Jovios
631 3429 784 3532 equidem
815 3470 835 3512 a
864 3451 960 3529 Jove,
995 3449 1271 3535 quemadmodum
1302 3449 1508 3514 Graecorum
1536 3444 1629 3526 δίους
1655 3468 1676 3511 a
1695 3444 1784 3524 Διὸς
1807 3448 1953 3525 nomine,

224 3565 406 3650 appellatos
427 3577 519 3651 puto,
542 3577 640 3652 atque
660 3566 786 3632 nobiles
807 3570 877 3633 sive
897 3587 1054 3652 proceres
1076 3570 1289 3654 interpretor,
1312 3589 1332 3632 a
1352 3569 1598 3658 magistratibus
1626 3568 1748 3646 (nesus)
1769 3568 1839 3628 sive
1861 3574 1953 3648 pote·

222 3693 306 3748 state
326 3687 435 3767 aliqua
461 3685 620 3770 praeditis
639 3687 815 3768 sejunctos.
857 3685 924 3750 Sed
950 3686 1030 3771 quid
1055 3688 1121 3749 sibi
1147 3688 1254 3752 velint
1280 3692 1430 3773 apposita
1455 3690 1525 3750 illis
1555 3685 1791 3772 participialia,
1821 3681 1952 3762 definiri

222 3804 281 3866 vix
302 3813 420 3888 potest,
444 3805 509 3865 nisi
529 3805 629 3866 simul
650 3823 712 3888 pro
732 3805 959 3889 praesentibus
981 3815 1015 3870 et
1035 3806 1223 3869 absentibus
1242 3808 1452 3889 precesfieri
1472 3825 1669 3868 censeamus.
1712 3802 1827 3863 Donec
1847 3800 1953 3886 igitur
2071 3852 2074 3862 t

222 3920 343 3983 melius
365 3918 446 4003 quid
466 3924 666 4004 reperiatur,
684 3917 815 3984 ”sibilos
837 3925 921 3985 citos
941 3925 1013 3985 sive
1031 3933 1177 4002 vocatos,
1200 3922 1349 3988 bostatos
1367 3943 1450 3987 voro
1471 3924 1630 3984 hostiatos
1651 3920 1816 4007 intelligo,
1839 3936 1952 4001 quem·
2048 3926 2050 3931 ’

222 4034 401 4099 admodum
422 4022 592 4101 stabilitos
612 4047 647 4099 et
666 4037 858 4104 naboststos
878 4057 946 4118 eos,
975 4042 1034 4122 qui
1055 4040 1173 4105 hostiis
1194 4043 1297 4104 caesis
1316 4062 1383 4106 usn
1410 4045 1587 4108 affuerunt
1612 4043 1659 4102 -A
1685 4038 1952 4125 participialibns

222 4155 294 4216 istis
315 4151 475 4217 differunt
495 4155 635 4219 ablativi
655 4158 828 4219 nominum
848 4157 1052 4225 calamitates
1073 4161 1342 4248 significantium,
1364 4162 1410 4239 ¹iu
1431 4160 1551 4243 quibus
1571 4161 1600 4245 ξ.
1613 4164 1674 4226 ll).
1692 4169 1781 4223 extu
1804 4145 1951 4220 allitera·

221 4272 349 4335 tionem
368 4274 566 4334 notavimus.
608 4273 657 4335 Ex
678 4274 833 4339 ablativis
854 4276 934 4356 illis,
964 4296 1046 4361 quos
1069 4278 1134 4357 jam
1160 4280 1196 4341 in
1216 4281 1391 4364 superiore
1420 4279 1588 4364 particula
1611 4277 1639 4362 §.
1660 4280 1712 4346 28.
1734 4274 1951 4361 interpretari
2054 4317 2062 4330 .

221 4400 359 4453 conatus
379 4410 463 4470 sum,
485 4394 631 4456 turritum
652 4392 843 4457 incendium
858 4393 1042 4484 designare,
1065 4415 1105 4458 ox
1116 4399 1169 4477 iis,
1193 4416 1275 4480 quae
1296 4395 1337 4460 de
1349 4397 1536 4459 Tursarum
1555 4399 1690 4481 nomine
1703 4396 1829 4472 monui,
1852 4392 1950 4454 facile

221 4508 444 4596 intelligitur,
485 4527 562 4571 nam
586 4531 629 4574 ne
651 4515 800 4576 tursilum
827 4511 907 4575 solis
935 4523 1103 4577 torrorem
1131 4519 1346 4600 interpreter,
1377 4518 1465 4579 siem
1492 4519 1646 4580 tremitum
1672 4524 1852 4576 tremorem
1879 4511 1950 4570 sive

222 4633 334 4688 terrae
355 4634 496 4705 motum
526 4629 682 4710 prohibet
700 4630 810 4694 mnus
829 4629 932 4712 bollo,
963 4652 1029 4715 quo
1050 4635 1087 4695 iu
1107 4636 1282 4719 superiore
1301 4635 1468 4717 particula
1488 4632 1591 4716 ἕδη.
1613 4625 1760 4717 ἡλίωσιν7
1772 4632 1843 4692 sive
1863 4624 1949 4689 side·

221 4743 388 4807 rationem
419 4746 601 4832 significari
632 4746 712 4812 dixi.
757 4720 908 4814 Ninnium
938 4760 973 4814 ot
1001 4755 1139 4815 sontum
1168 4769 1231 4836 pro
1265 4751 1401 4817 nivibus
1427 4759 1461 4816 et
1497 4753 1625 4814 tonitru
1650 4749 1791 4810 Romani
1818 4756 1950 4830 quoque

221 4856 390 4942 dixerunt,
423 4863 542 4948 quibus
570 4865 612 4928 ob
640 4864 900 4932 alliterationem
928 4871 1109 4953 quaesitam
1136 4871 1242 4934 nimbi
1269 4881 1304 4935 st
1328 4871 1469 4934 fulmina
1494 4868 1555 4935 sub
1588 4867 1707 4954 νιφετῦ
1737 4864 1884 4947 (nepita)
1918 4871 1951 4928 et
2010 4852 2015 4885 ¹
