4364 5754
321 704 322 708 ¹
464 679 725 760 atrismanus,
987 680 992 688 '
1406 680 1498 763 sr'pse
1518 682 1647 762 sortite,

463 798 733 882 pre'plo(bo)tatu,
1414 798 1509 863 odeas
1528 802 1599 864 orie

463 913 691 999 providebam.
1415 916 1521 982 isone.

221 1039 259 1108 lu
279 1037 334 1101 bis
353 1034 535 1101 trochaicis
555 1037 704 1099 numeris
724 1043 792 1097 tres
813 1050 910 1118 saepe
929 1031 1074 1115 syllabas
1094 1051 1157 1119 pro
1169 1032 1295 1099 duabus
1316 1036 1439 1120 positas
1459 1033 1621 1114 videmus,
1642 1035 1732 1124 sicut
1752 1029 1950 1097 inPlautino

220 1174 321 1220 versu
341 1152 382 1218 de
402 1154 500 1219 iovis
520 1153 662 1217 fulmine
681 1151 850 1237 Amphitr.
872 1149 919 1227 V,
930 1152 962 1231 t,
975 1154 1025 1215 10.
1144 1210 1145 1213 ,

337 1347 339 1350 ,
466 1270 649 1355 Strdpitsss,
671 1271 822 1352 crepitus,
844 1266 980 1344 aduitus,
1003 1270 1145 1335 sonim
1166 1281 1229 1338 cet

161 1402 163 1412 '
222 1392 352 1475 Quanta
372 1411 449 1456 cum
470 1410 553 1454 cura
573 1408 656 1453 raro
683 1387 824 1451 Romani
852 1406 983 1471 quoque
1004 1390 1120 1473 poitae
1147 1389 1287 1454 illorum
1307 1399 1497 1475 temporum
1522 1389 1786 1453 allitsrationem
1807 1389 1953 1471 quassis·

221 1512 302 1591 rint,
324 1508 446 1575 docent
465 1528 583 1573 verene
602 1508 704 1583 Ennii
723 1517 758 1571 et
776 1507 863 1571 Attii
883 1503 971 1591 apud
993 1503 1101 1569 Cicer.
1123 1505 1216 1573 Rhet
1239 1505 1281 1571 ad
1301 1507 1451 1574 Hereun.
1471 1507 1534 1588 IV,
1547 1511 1597 1574 12.
1619 1505 1661 1571 de
1681 1516 1767 1573 orat.
1790 1503 1910 1585 111,ὖῦ

230 1636 232 1643 ·
468 1625 502 1691 ‘o
526 1625 610 1706 tlte,
633 1621 710 1706 etse,
734 1623 823 1707 Tati,
836 1624 909 1720 'siti
930 1620 1032 1699 sima,
1055 1621 1202 1713 tyrim,
1226 1623 1343 1692 tulisti.
1459 1619 1464 1631 '
1560 1643 1562 1647 ¹

471 1742 645 1829 Quicqsmm
664 1747 830 1828 quoquam
851 1742 1004 1828 αιίφιάιιι,
1025 1745 1113 1829 quod
1131 1744 1320 1826 conveniit,
1341 1749 1458 1833 neget?

471 1863 599 1929 Iterum
620 1862 783 1946 Thyestes
805 1862 938 1930 astream
958 1872 1133 1928 attrectem
1152 1862 1282 1928 &osuit
1303 1898 1345 1914 -

470 1983 584 2063 Major
603 1980 810 2059 mihi-moles,
830 1979 932 2062 mdjus
951 1979 1151 2045 miscendum
1170 1990 1212 2046 'st
1231 1980 1362 2059 malum,

471 2098 539 2181 Qui
558 2101 653 2164 illius
673 2099 832 2163 acerbum
854 2099 913 2162 adr
933 2099 1131 2163 contundam
1152 2084 1399 2178 etednteram3
1684 2139 1690 2153 .

75 2243 86 2260 κ
226 2220 360 2302 aliaque
379 2220 576 2306 fragmenta,
599 2234 684 2298 quae
704 2213 830 2279 ibidem
850 2215 1019 2303 leguntur,
1041 2227 1092 2279 ut:
1123 2215 1212 2301 quid
1232 2221 1300 2283 iter
1319 2218 1478 2303 incipiam
1498 2213 1651 2307 ingredil
1682 2249 1724 2264 --
1753 2212 1789 2278 ’0
1806 2215 1958 2296 patenti
2029 2295 2032 2306 .

224 2337 346 2420 petria,
369 2337 389 2400 ό
410 2333 540 2401 Priami
561 2332 693 2400 domus!
716 2369 759 2382 -
778 2333 873 2398 Haec
894 2333 1004 2396 omnia
1026 2334 1094 2399 vidi
1114 2333 1327 2414 mfltmmari,
1348 2335 1483 2398 Priamo
1503 2336 1537 2400 vt
1556 2337 1654 2401 vitam
1675 2332 1802 2404 evitari
1825 2378 1830 2387 »
1884 2408 1888 2413 .

234 2453 237 2459 ’
392 2459 442 2523 1³.
485 2452 673 2519 Nominum
693 2452 930 2517 declinationes
950 2453 1198 2538 verborumque
1219 2454 1469 2541 conjugationes
1488 2451 1667 2516 Umbricus
1686 2469 1797 2516 sermo
1818 2448 1961 2516 totidem

110 2638 115 2643 .
226 2572 356 2655 habuit,
378 2569 663 2658 qnot'llomauus3
684 2572 779 2636 nulla
799 2583 909 2637 tamen
929 2591 1006 2657 pars
1027 2582 1077 2636 est
1097 2573 1272 2652 orationis,
1293 2572 1330 2634 in
1350 2590 1415 2654 qna
1435 2587 1504 2634 non
1516 2567 1650 2635 differat
1668 2580 1811 2654 ubsque
1831 2569 1959 2657 lingua

227 2693 303 2757 Jem
323 2696 360 2755 iu
380 2692 528 2778 propriis
549 2689 739 2754 nominibus
759 2709 878 2778 magna
906 2692 1056 2754 cernitur
1085 2687 1318 2775 discrepantia.
1360 2690 1518 2753 Romania
1540 2691 1629 2753 enim
1649 2689 1782 2752 civibus
1802 2684 1868 2751 tria
1886 2686 1959 2770 ple-

229 2830 372 2894 rumque
392 2820 489 2874 erant
508 2810 655 2889 nomina,
677 2808 797 2892 quibus
817 2808 874 2872 vel
894 2809 1021 2898 singuli
1040 2808 1191 2872 homines
1210 2807 1267 2872 vel
1287 2818 1401 2896 gentes
1424 2826 1604 2890 earumque
1624 2807 1773 2870 familiae
1792 2803 1961 2870 dimersae-

227 2932 363 3007 bsntur,
384 2937 424 2991 ut
442 2929 480 2989 in
500 2929 600 3013 cippo
621 2929 712 2989 inter
731 2925 876 2990 Bestiam
897 2937 931 2990 et
951 2926 1114 2990 Assisium
1133 2925 1256 3013 oppida
1276 2937 1429 3013 reperto:
1451 2946 1559 3011 neque
1579 2925 1723 2988 multum
1743 2922 1858 2990 differt
1876 2923 1963 2987 Vol·

229 3066 365 3110 scornm
385 3065 468 3126 mos,
491 3047 551 3129 qui
571 3047 608 3107 in
628 3044 806 3109 Veliterno
825 3044 1045 3130 inscriptione
1065 3046 1271 3110 observatur.
1314 3043 1360 3110 At
1379 3046 1416 3108 in
1435 3045 1584 3132 Iguvinat
1596 3042 1710 3107 tabula
1730 3043 1844 3122 tertia,
1864 3043 1964 3106 utin

229 3165 450 3250 inscriptione
470 3161 591 3249 lapidis
618 3165 656 3225 in
686 3161 811 3227 Marsis
836 3160 977 3243 detecti,
1006 3162 1157 3228 homines
1183 3164 1317 3227 nonnisi
1336 3181 1405 3227 uno
1424 3162 1545 3252 gentili
1564 3153 1699 3226 nomine
1719 3163 1961 3250 insigniuntur.

152 3333 153 3337 ,
230 3281 271 3344 ln
291 3283 511 3365 inscriptione
532 3279 667 3364 quidem
687 3279 776 3366 apud
795 3279 945 3344 Falerios
965 3283 1102 3347 inventa
1128 3280 1194 3346 duo
1215 3283 1375 3371 leguntur
1401 3277 1731 3362 uomina'Lrspirior
1751 3278 1963 3362 Suntirps’ors

231 3391 290 3463 sed
300 3398 393 3462 deest
403 3416 617 3483 praenomen,
639 3408 673 3462 et
682 3408 862 3482 utrumque
882 3418 1004 3462 nomen
1013 3400 1138 3487 gentile
1159 3404 1267 3481 estin
1287 3377 1419 3467 lorsivc
1439 3396 1662 3476 indesinens,
1685 3396 1965 3481 quemadmodmn

231 3510 407 3602 in'quinta
427 3514 542 3580 tabula
561 3515 703 3603 Iguvina
727 3534 791 3600 pro
817 3516 918 3581 Fusio
946 3526 979 3579 et
1004 3514 1161 3582 Petronio
1189 3528 1288 3605 gente
1316 3518 1470 3582 Fratrum
1490 3517 1716 3581 Atiersiorum
1743 3535 1840 3580 sacra
1866 3518 1965 3594 liunt,

204 3645 332 3720 'atque
353 3631 435 3698 XIX
457 3643 570 3721 gentes
590 3630 794 3716 Pompersioe
821 3635 937 3718 stirpis
968 3645 1192 3700 recensentur.
1235 3635 1410 3698 Praeterea
1434 3634 1638 3698 Umbrorum
1666 3635 1801 3698 nomina
1829 3652 1894 3697 uon
1925 3636 1964 3695 in

232 3758 285 3820 ius
306 3746 580 3832 modoexibent,
609 3750 886 3836 quemadmodum
908 3751 997 3840 apud
1017 3753 1199 3832 llomanos,
1220 3750 1279 3816 sed
1298 3754 1335 3816 in
1355 3772 1436 3817 usas
1457 3771 1607 3836 quoque,
1632 3756 1719 3818 sicut
1739 3753 1963 3816 Romanorum

162 3953 166 3961 ι
191 3907 193 3912 -
235 3874 424 3960 agnomina,
445 3872 623 3934 maximnm
643 3890 725 3935 vero
747 3881 876 3957 partem
897 3874 933 3933 in
954 3892 1002 3950 es,
1024 3869 1169 3938 sicuti).
1190 3869 1295 3936 cilnii
1314 3889 1497 3960 cognomen
1518 3871 1705 3936 Maecenas:
1734 3891 1811 3935 oum
1831 3867 1965 3936 clase-

160 3977 163 3982 ’
235 3976 301 4055 s'st's's
321 3991 412 4052 enim
430 3987 760 4081 junguntursetass'
781 4000 816 4053 et
834 3986 1015 4071 Jsjescani‚
1038 3999 1109 4053 tum
1126 3986 1333 4071 Atieret'otea
1356 3988 1537 4072 Curejetes,
1552 3988 1758 4068 Peierss‘etee,
1782 3989 1964 4069 Tolosam,

235 4103 672 4186 Musejetes,casi1asessb
695 4126 777 4194 egro
800 4105 911 4172 Casilo
940 4106 1033 4172 dicti.
1075 4106 1230 4188 Ejusdem
1256 4110 1389 4197 generis
1419 4119 1470 4173 est
1495 4108 1603 4172 tribus
1633 4106 1817 4173 Torsiaetie
1844 4125 1964 4170 noman

235 4209 273 4286 in
294 4233 414 4307 quarta
437 4220 553 4285 tabula
579 4243 655 4287 cum
678 4221 850 4289 Tursiuete
878 4229 1024 4307 nomine,
1056 4227 1112 4289 cui
1138 4228 1210 4292 ¹tria
1237 4223 1399 4290 accedunt
1428 4228 1564 4289 uomina
1591 4228 1627 4287 in
1657 4245 1741 4290 emon
1770 4223 1965 4304 demands.

239 4340 391 4407 lbrscum
412 4358 476 4428 pro
496 4336 653 4417 Tuderti,
675 4341 855 4406 Nebarcsm
875 4364 938 4428 pro
960 4312 1114 4421 liuberti,
1136 4354 1171 4407 et
1190 4342 1367 4427 vatwcam
1388 4362 1450 4430 pro
1471 4343 1644 4432 Japygico.
1679 4343 1811 4409 Nomen
1826 4341 1964 4427 quidem

237 4461 395 4544 Iguuinos
424 4458 533 4522 tribus
561 4459 598 4521 in
616 4453 771 4523 ¹sectanda
803 4460 918 4525 tabula
950 4481 1026 4525 cum
1050 4473 1196 4548 quatuor
1225 4462 1451 4526 Romanorum
1480 4460 1635 4524 tribubus
1665 4461 1803 4524 urbanis
1823 4458 1987 4543 Collinas„

188 4636 189 4639 ,
238 4577 435 4662 Esquilino,
463 4576 635 4656 Palatino,
663 4574 855 4659 salerna,
883 4556 1064 4660 consentit3
1096 4579 1155 4645 sed
1180 4580 1301 4644 Umbri
1325 4580 1443 4643 urbem
1463 4596 1595 4662 quoque
1626 4577 1781 4667 Iguvium
1801 4580 1968 4662 rgentum

240 4694 409 4776 dixerunt,
430 4705 470 4759 ut
490 4674 649 4761 Miletum
669 4695 851 4761 Milesiam
872 4700 1020 4764 inserta
1040 4699 1164 4764 tabula.
1206 4697 1362 4764 Ceterum
1372 4695 1492 4761 Umbri
1512 4698 1548 4758 iu
1569 4715 1609 4760 eo
1631 4697 1968 4770 consentiebantcum

241 4813 408 4895 Romanis,
436 4812 526 4896 quod
550 4812 638 4900 apud
668 4812 809 4879 Paulum
836 4815 1022 4882 Diaconum
1054 4819 1213 4904 legimus:
1259 4817 1356 4882 »Dici
1383 4835 1454 4879 mos
1482 4826 1555 4880 erat
1574 4815 1729 4880 Romanis
1756 4819 1792 4878 in
1813 4815 1967 4880 omnibus
