4364 5754
954 577 1202 644 ..32-

217 754 285 830 jam
304 746 387 810 mibi
407 747 444 807 in
464 763 543 806 casu
563 743 664 807 locali
684 745 791 828 posita
820 741 997 822 videntur,
1030 739 1108 826 qnia
1135 762 1210 823 ves,
1241 751 1280 805 ut
1308 759 1349 805 ax
1377 741 1525 806 ablativo
1553 761 1630 805 unco
1650 740 1818 822 v1,s,to.
1850 741 1941 828 plur.

220 866 348 941 Faces
368 864 458 942 1,22.
481 859 637 942 discitur,
669 863 806 947 proprie
827 863 931 924 ritum
953 861 1147 949 religiosum
1167 859 1327 948 designat
1367 858 1421 923 Ne
1452 861 1526 944 quis
1552 858 1700 924 hollain
1720 857 1810 939 alio,
1843 879 1943 943 qnam

222 983 381 1059 ablativo,
397 964 483 1042 'casu
504 981 648 1065 positum
669 990 775 1064 putet,
797 991 909 1043 monet
929 976 1132 1058 adjectivum
1151 978 1384 1042 alliterationis
1406 998 1503 1042 cansa
1524 977 1846 1062 appositnmboaduz
1867 997 1946 1040 nam

96 1145 100 1153 =
221 1105 256 1164 in
275 1097 420 1163 secunda
441 1097 664 1161 declinatione
685 1098 870 1161 ablativum
890 1099 926 1160 in
947 1114 977 1171 ιι,
999 1117 1066 1160 non
1087 1099 1123 1159 in
1144 1108 1175 1177 o,
1197 1099 1300 1176 exire,
1322 1095 1409 1180 qnod
1431 1097 1496 1176 jam
1517 1094 1744 1160 antecedentia
1763 1082 1947 1181 participia

217 1200 344 1296 ‘aldina
375 1213 533 1280 adsidite
552 1252 595 1264 -
617 1214 759 1295 hostete,
791 1215 977 1295 calecatum,
996 1215 1102 1299 plur.
1143 1211 1278 1293 sititis,
1309 1210 1474 1280 nn⁸sidltir
1493 1250 1534 1264 —
1563 1213 1716 1293 hostem,
1747 1213 1944 1292 ondostetir,

94 1376 96 1382 ·
220 1335 352 1409 docent,
373 1335 456 1398 alias
477 1331 712 1396 demonstravi.

385 1455 437 1520 at.
481 1451 674 1514 Genitivnm
695 1461 728 1514 ct
748 1450 897 1515 dativum
917 1453 953 1514 in
974 1450 1050 1513 aliis
1061 1448 1336 1513 declinationibus
1356 1451 1456 1514 aliter
1476 1451 1580 1528 exire,
1601 1469 1643 1512 ex
1654 1451 1814 1535 appositis
1835 1449 1947 1530 adjec-

222 1536 301 1637 tivis
322 1573 389 1652 jam
410 1571 617 1656 agnoscitur:
649 1568 789 1656 legimns
819 1572 908 1631 enim
928 1569 1083 1649 v1,a‚53
1104 1588 1151 1652 sq.
1175 1576 1209 1630 et
1227 1570 1278 1633 59.
1308 1576 1396 1631 totnr
1418 1566 1608 1633 Tarainuter
1629 1566 1740 1652 trifor,
1761 1566 1882 1647 V11,a,
1895 1573 1944 1633 11.

223 1701 292 1755 tote
313 1688 486 1755 Tersinete
513 1685 607 1766 trifo,
641 1688 760 1769 quibus
785 1688 822 1749 in
851 1707 929 1751 casn
956 1686 1057 1768 locali
1082 1687 1143 1764 Vl,
1155 1705 1186 1765 a,
1197 1685 1249 1751 58.
1273 1683 1353 1764 v11,
1364 1705 1396 1765 a,
1407 1689 1458 1753 47.
1490 1694 1586 1750 totum
1617 1682 1818 1749 Torsioatesa
1849 1685 1947 1766 trito,

222 1807 327 1887 IV‚a‚
340 1807 390 1872 16.
411 1824 493 1869 nava
516 1802 679 1893 Ταρινατε
699 1802 813 1892 odron,
839 1807 874 1866 in
896 1804 1043 1869 ablativo
1065 1804 1247 1886 composito
1269 1803 1311 1883 11,
1323 1805 1373 1869 25.
1384 1807 1437 1871 3⁰.
1466 1801 1630 1891 τρεφιπερ
1652 1803 1789 1869 ltaFtsa
1810 1822 1949 1888 respon-

120 1908 127 1920 *
222 1924 287 1990 det.
331 1923 375 1987 lt
395 1921 575 1986 notandum
597 1932 656 2001 est,
678 1920 766 2006 quod
788 1922 934 2003 111,a,2.
950 1927 988 1990 14
1019 1942 1141 2000 escensa
1162 1921 1317 2012 alcdavtc
1337 1921 1484 2007 quidem,
1506 1933 1544 1986 ut
1559 1918 1948 2009 IV,a,45.KFeov(lsvse

222 2064 329 2122 etate,
350 2042 408 2106 sed
419 2040 481 2120 vt,
492 2061 523 2120 a,
533 2042 584 2109 24.
606 2045 691 2106 muni
711 2052 823 2104 certus
844 2042 986 2130 legatur,
1008 2044 1101 2125 qnasi
1121 2045 1206 2107 muni
1226 2042 1401 2105 masculini
1421 2043 1466 2104 sit
1486 2042 1626 2138 generis.
1659 2037 1950 2123 Quemadmodum

221 2181 304 2227 vero
325 2158 519 2224 adverbium
541 2158 647 2221 dectrc
667 2158 813 2236 V1,a,t.
826 2163 876 2225 50.
898 2163 968 2222 siva
988 2156 1128 2247 τεστρε
1149 2158 1195 2238 V,
1208 2159 1368 2237 b,27.28.
1390 2177 1452 2243 pro
1473 2144 1622 2246 a'soctle
1643 2157 1751 2238 ltta.
1765 2157 1793 2235 1,
1807 2158 1857 2223 15.
1874 2159 1950 2221 sive

222 2275 427 2360 secedente
447 2275 508 2352 Ν,
521 2274 554 2351 b,
565 2278 616 2344 30.
650 2276 798 2340 destruco
819 2275 881 2349 VI,
893 2296 923 2355 a,
934 2280 984 2341 tt.
995 2278 1059 2356 38,
1092 2278 1140 2338 sic
1166 2279 1305 2338 fortasse
1333 2287 1445 2340 nertru
1472 2296 1535 2362 pro
1562 2286 1669 2340 nertre
1695 2278 1767 2339 sive
1794 2285 1950 2340 cortraco

224 2395 448 2474 v1,a,37.39.
471 2389 672 2479 νεότρθκε
693 2394 754 2471 IV,
766 2395 798 2474 b,
809 2399 861 2463 33.
883 2397 1044 2479 scriptum
1065 2403 1129 2457 ests
1163 2395 1298 2456 nomina
1320 2396 1407 2456 enim
1429 2403 1566 2477 quartae
1587 2394 1830 2472 declinationis,
1852 2413 1952 2479 prae⁴

222 2526 274 2580 ter
295 2514 444 2579 verbalia
464 2522 498 2575 et
515 2503 766 2576 'denominativa
786 2515 822 2574 in
843 2502 917 2577 etu's
936 2514 1101 2591 exeuntia,
1123 2521 1162 2575 ut
1182 2509 1443 2595 adtendisses
1471 2512 1532 2590 IV,
1544 2533 1574 2590 a,
1588 2516 1636 2579 19.
1648 2517 1698 2580 23.
1724 2513 1795 2575 sive
1812 2516 1954 2594 prinae-

224 2648 277 2701 tur
288 2633 350 2711 VI,
363 2635 393 2712 a',
405 2634 454 2697 50.
467 2633 518 2697 65.
532 2631 609 2709 Vll,
622 2651 652 2711 a,
666 2635 694 2695 1.
708 2635 759 2697 46.
772 2631 837 2711 52,
850 2632 943 2713 cujus
956 2633 1161 2714 accusativus
1172 2629 1313 2715 pluralis
1335 2627 1444 2693 etiam
1455 2627 1689 2711 socratam
1710 2630 1770 2710 IV,
1783 2634 1952 2712 alo-41,

223 2754 386 2817 ablativus
407 2769 489 2813 vero
520 2752 686 2830 prinantir
707 2749 865 2829 V1,a‚55
886 2770 955 2833 sqq.
983 2748 1155 2828 scribitur,
1187 2748 1342 2810 feminini
1371 2750 1502 2835 generis
1529 2749 1631 2813 fnisse
1659 2746 1826 2826 videntur,
1858 2746 1953 2812 unde

222 2889 286 2956 pro
309 2870 402 2934 lcum
423 2869 522 2930 etiam
542 2870 675 2952 ταφλε
695 2868 740 2945 V,
753 2867 786 2947 b,
802 2871 861 2947 tt,
890 2877 929 2930 ut
956 2865 1044 2952 apud
1065 2865 1210 2929 Graecos
1232 2858 1359 2952 δάφνῃ,
1388 2864 1456 2927 dici
1484 2868 1601 2950 potuit
1644 2864 1755 2929 Ganns
1774 2869 1953 2931 nominum

223 2987 349 3071 triplex
370 2987 479 3057 inisse,
500 3003 616 3067 preces
636 2987 780 3047 maxime
801 2984 853 3045 his
873 2983 984 3048 verbis
1005 2984 1067 3061 VI,
1079 2984 1111 3062 b,
1122 2988 1161 3050 31
1183 3005 1230 3068 sq.
1252 2987 1289 3048 ‹ll
1312 3004 1360 3066 sq.
1383 2986 1420 3049 51
1443 3005 1490 3066 sq.
1512 2983 1701 3048 declarant:

158 3078 160 3082 Α
264 3104 366 3171 Salvo
429 3104 531 3167 serila
593 3101 722 3183 ocre(m)
743 3101 891 3179 Fracto:
912 3076 1059 3181 aelvubn)
1079 3105 1182 3166 serite
1205 3101 1330 3178 totu(m)
1351 3102 1551 3183 ljovinc(m):
1573 3103 1718 3178 salvom)
1738 3106 1859 3185 acrius¹
1908 3143 1911 3148 -

266 3221 404 3286 Salvum
424 3230 555 3283 servato
577 3231 724 3283 montem
744 3221 887 3282 Fisium=
909 3222 1034 3285 salvam
1056 3231 1186 3284 servato
1209 3231 1313 3284 totam
1334 3219 1524 3306 Iguvinam:
1547 3221 1667 3309 sulcam
1687 3232 1815 3285 servato

266 3358 359 3403 ocrer
378 3340 495 3416 Fiaier,
518 3347 607 3418 tetur
625 3339 772 3419 ljoos'aar
792 3358 888 3404 nome.
933 3325 1012 3418 Vll,
1025 3359 1055 3419 a,
1068 3340 1179 3406 1519.
1202 3336 1330 3403 Salvom
1350 3341 1452 3402 serite
1471 3335 1622 3420 popleta)
1646 3348 1733 3402 totas
1752 3341 1915 3420 ljooiw:

265 3458 388 3520 montis
407 3457 499 3531 Fiaii,
522 3457 625 3517 totius
646 3453 805 3541 Iguvinae
826 3475 955 3519 nomeu.
1158 3455 1297 3519 Salvum
1317 3466 1447 3520 servato
1469 3456 1629 3542 populum
1650 3460 1753 3521 totius
1773 3456 1955 3544 Iguvinae:

266 3575 357 3641 aelon
437 3574 540 3636 serite
562 3581 658 3635 totum
690 3574 860 3654 ljooinum:
900 3605 942 3618 -
961 3574 1107 3652 sulcem)
1128 3578 1230 3638 serito
1269 3574 1382 3656 popter
1404 3584 1492 3638 totar
1531 3576 1677 3657 ljooinur
1709 3607 1746 3621 -
1768 3595 1866 3640 nome.

267 3693 392 3756 salvam
413 3699 545 3754 servato
567 3699 671 3753 totam
691 3690 881 3778 Iguvinarna
903 3725 945 3745 ·-·
965 3692 1094 3754 salvum
1115 3701 1246 3754 servato
1269 3694 1382 3776 populi
1403 3695 1504 3755 totius
1527 3693 1685 3780 Iguvinae
1706 3729 1749 3742 -
1768 3713 1899 3758 nomen.
1944 3732 1957 3772 7

227 3807 510 3895 Quemadmodum
531 3828 571 3871 ex
593 3809 646 3871 his
667 3811 859 3887 accusativi,
880 3811 928 3871 sic
949 3809 1088 3872 ablativi
1109 3808 1318 3872 diversorum
1339 3829 1498 3897 generum
1520 3830 1560 3872 ex
1581 3812 1646 3874 illis
1668 3822 1931 3898 cognoscuntur:
2013 3793 2015 3799 ¹

227 3930 292 4009 VI,
303 3930 336 4008 b,
348 3930 399 3994 15.
409 3925 471 3992 Tio
479 3948 533 3990 esu
541 3927 900 4008 hemerobaptistae
910 3930 1038 4009 occiper
1046 3928 1150 4005 Finiat,
1164 3930 1420 4010 totoperloot'nn,
1429 3932 1494 3992 iter
1504 3948 1678 4012 cucumer,
1691 3951 1765 3992 crer
1774 3909 1972 4014 nomer(

229 4046 310 4109 Tibi
319 4046 382 4108 hoc
393 4045 477 4108 bove
487 4047 586 4124 sacri,
593 4046 726 4128 piaculo
737 4065 800 4130 pro
810 4055 923 4108 monte
933 4047 1032 4125 Fisio,
1041 4065 1102 4130 pro
1114 4056 1184 4109 tota
1191 4045 1342 4133 Iguvina,
1350 4067 1412 4132 pro
1424 4048 1516 4110 illius
1528 4050 1672 4125 nomine,
1680 4066 1743 4132 pro
1754 4049 1855 4131 hujus
1861 4068 1954 4114 nom.

228 4163 291 4243 VI,
303 4183 334 4240 a,
344 4167 376 4228 9·
395 4161 427 4227 T
424 4167 483 4226 iore
491 4182 544 4225 eso
553 4164 636 4243 mese
653 4163 748 4244 spefn
774 4164 938 4228 Flaccina.
992 4161 1054 4242 Vl,
1066 4184 1096 4242 a,
1108 4165 1160 4231 28.
1172 4162 1259 4229 Tiom
1271 4174 1614 4246 resacrambam,
1648 4164 1776 4245 Tafroli
1788 4166 1932 4247 pidnclst.
1954 4213 1957 4218 -

393 4279 474 4342 Tibi
485 4277 546 4341 hac
558 4301 648 4342 mana
659 4284 761 4365 spissa
769 4280 931 4346 Fisovina.
1161 4281 1240 4344 Tibi
1252 4283 1315 4344 hoc
1325 4285 1417 4345 socio
1428 4283 1634 4360 lustramine,
1647 4283 1777 4345 Telrali
1787 4285 1932 4367 piaculo.

231 4400 310 4476 VII,
322 4420 351 4477 a,
363 4400 413 4463 21.
439 4396 529 4462 Tiom
550 4400 610 4461 iair
629 4401 747 4464 oesclir
767 4400 869 4474 adsis,
892 4403 967 4463 tiom
986 4384 1096 4481 plener
1113 4400 1270 4481 popluper
1333 4410 1421 4464 teter
1441 4403 1587 4483 ljooinnr
1607 4410 1669 4463 cet.

434 4515 515 4579 'ribi
535 4513 587 4577 his
607 4517 751 4579 vasculis
772 4520 864 4596 atris,
887 4517 949 4580 tibi
971 4519 1074 4601 plenis
1094 4538 1157 4602 pro
1178 4520 1303 4603 populo
1325 4522 1427 4582 totins
1449 4519 1617 4606 Iguvinae.

280 4634 284 4639 ’
368 4635 446 4709 lib.
490 4634 539 4696 Ex
560 4634 612 4697 his
632 4636 732 4698 siml
753 4634 995 4715 adjectivorum
1016 4646 1049 4700 et
1069 4639 1304 4721 pronominum
1325 4637 1504 4703 declinatio
1533 4656 1595 4722 per
1614 4639 1681 4700 tria
1712 4657 1836 4726 genera
1854 4636 1960 4703 disci·

232 4764 301 4831 tur,
323 4771 407 4837 quae
427 4754 462 4814 in
482 4753 620 4834 reliquis
631 4753 772 4816 Latinae
783 4752 995 4836 Graecaeque
1015 4754 1149 4841 linguae
1169 4754 1288 4817 similis
1309 4757 1345 4816 in
1365 4774 1405 4818 eo
1428 4753 1645 4839 discrepabat,
1668 4755 1758 4839 quod
1778 4775 1841 4842 pro
1862 4761 1961 4846 geui-

232 4871 304 4943 tivo
327 4873 427 4937 totius
448 4861 571 4961 ct'ejos
591 4871 709 4944 Umbri
732 4881 827 4949 tuter,
852 4882 950 4951 teter,
974 4882 1074 4951 teter,
1098 4892 1177 4952 eres,
1199 4844 1282 4952 arur,
1304 4895 1375 4938 erar
1395 4872 1565 4969 dicebant:
1595 4877 1668 4940 tiona
1689 4876 1778 4942 enim
1798 4879 1962 4969 proprius
