4364 5754
228 773 417 852 rodoamna3
439 770 558 857 quibua
579 777 615 834 et
629 765 716 833 Salii
736 769 929 831 cecinerunt
949 774 984 830 et
1003 783 1145 853 angores
1165 783 1261 829 avem
1281 766 1529 846 consuluerunt,
1551 765 1638 831 etad
1658 785 1739 852 qnae
1760 763 1953 852 explicanda

226 892 314 956 nihil
340 889 434 954 alind
453 893 525 954 iere
551 888 672 953 auxilii
691 886 866 966 habemns,
897 885 962 946 nisi
991 890 1151 971 qnantum
1178 884 1310 947 Priscus
1339 882 1439 965 (lato,
1468 884 1604 948 Plautus
1629 883 1755 949 Umber
1786 895 1819 949 et
1838 884 1952 949 Varro

206 1010 383 1075 -lleatinns
402 1009 572 1096 praebent.
593 1005 745 1070 Umbrici
765 1021 847 1068 vero
867 987 1031 1065 sermonis
1050 999 1197 1064 indolem
1211 999 1354 1065 diversis
1375 1002 1457 1065 locis
1478 1006 1606 1088 pariter
1626 1013 1724 1086 atque
1744 1003 1951 1089 temporibus

226 1127 391 1193 diversam
411 1130 523 1207 inisse,
544 1145 585 1189 ea
605 1123 735 1202 docent,
756 1141 840 1206 quae
860 1123 896 1184 in
916 1121 982 1183 fine
1001 1121 1160 1205 septimae
1172 1119 1271 1200 buius
1292 1122 1402 1206 operis
1416 1121 1603 1205 particulae
1616 1123 1742 1186 monui.
1774 1121 1827 1185 Ne
1841 1132 1952 1186 tamen

226 1249 338 1324 omnia
358 1245 688 1330 veriepronnntiatn
709 1249 873 1327 putemne,
894 1257 977 1322 qnae
996 1240 1092 1302 varia
1112 1232 1335 1323 scriptaeunt,
1357 1236 1398 1301 de
1416 1240 1583 1325 scriptura
1592 1237 1795 1303 Umbrorum
1804 1242 1953 1325 primum
2000 1247 2002 1254 ’
2039 1226 2042 1240 '

225 1383 330 1448 panca
350 1359 528 1448 repetenda
555 1358 721 1423 videntur.
764 1353 862 1438 Quod
882 1356 1117 1439 inscriptiones
1139 1355 1359 1441 Iguvinornm
1378 1359 1503 1441 partim
1523 1357 1653 1437 Tuscis,
1679 1360 1802 1443 partim
1821 1359 1952 1422 latinis

226 1481 336 1546 literis
355 1483 498 1567 scriptas
518 1477 684 1556 videmus,
705 1474 770 1538 hoc
790 1494 858 1538 non
878 1470 1018 1573 dipersis
1040 1470 1140 1535 modo
1161 1473 1379 1559 temporibus,
1401 1473 1458 1537 sed
1478 1472 1619 1539 diversis
1640 1495 1772 1560 quoqne
1792 1476 1876 1540 loeis
1897 1494 1951 1539 eo-

224 1597 300 1662 dem
321 1610 471 1684 tempore
490 1599 615 1660 fectum
635 1613 715 1674 esse,
745 1596 849 1672 numi,
878 1594 938 1677 qni
958 1590 1065 1654 adhnc
1088 1601 1226 1671 exstant,
1255 1601 1427 1655 testantur.
1470 1590 1528 1655 Sic
1548 1596 1651 1657 tertia
1676 1594 1817 1681 Iguvina
1836 1594 1952 1659 tabula

226 1715 343 1780 eodem
363 1727 519 1801 tempore
534 1716 674 1796 locoque
694 1723 730 1777 et
749 1710 868 1774 Tuscis
890 1718 924 1774 et
943 1711 1074 1774 Launis
1094 1710 1204 1773 literis
1224 1719 1358 1774 exarata
1375 1708 1529 1774 videtur:
1577 1713 1700 1797 qnippe
1721 1710 1834 1776 eadem
1853 1730 1953 1798 pror·

224 1830 280 1898 aus
301 1846 351 1899 eet
369 1837 531 1899 sermonis
552 1830 696 1912 indoles,
727 1832 764 1892 in
785 1825 961 1894 literarum
980 1849 1044 1892 usn
1063 1825 1270 1891 solummodo
1292 1826 1443 1907 diversa,
1492 1829 1569 1912 qnia
1588 1848 1697 1913 neque
1716 1830 1825 1893 Tusca
1845 1850 1952 1914 neque

224 1956 347 2019 lentim
367 1954 546 2019 literatura
564 1953 645 2015 satis
665 1959 742 2037 apta
761 1959 835 2013 erat
853 1947 1059 2026 Umbrorum
1085 1949 1361 2033 pronuntiationi.
1405 1946 1525 2010 Tuscis
1551 1946 1671 2010 Umbri
1698 1950 1734 2011 in
1754 1968 1794 2012 eo
1815 1948 1952 2013 inerunt

161 2096 162 2100 ¹
225 2070 439 2152 dissimiles„
456 2067 547 2155 qnod
574 2088 651 2132 cnm
678 2059 833 2132 Romanis
853 2067 1013 2152 aspiratus
1034 2066 1147 2129 literas
1166 2075 1302 2151 praeter
1321 2065 1342 2129 b
1364 2065 1440 2148 etf
1463 2065 1652 2154 fugiebant,
1682 2064 1951 2134 medracontes

224 2187 472 2278 distinguebant
491 2208 512 2251 a
533 2186 696 2252 tenuibus.
738 2186 894 2250 Romanis
915 2182 1049 2269 quidem
1070 2187 1105 2246 in
1125 2181 1396 2269 pronuntiandis,
1428 2194 1466 2248 nt
1490 2187 1526 2246 in
1553 2180 1722 2247 flectendis
1748 2194 1848 2270 atque
1874 2205 1952 2248 con.

223 2304 411 2386 accentu,
439 2306 611 2371 vocabulis
640 2305 805 2368 simillimi
825 2307 976 2381 fuerunt,
1005 2301 1063 2366 sed
1082 2302 1253 2367 sibilantes
1278 2321 1376 2366 sonos
1396 2300 1479 2365 adeo
1506 2313 1678 2382 amarunt,
1707 2314 1746 2367 ut
1766 2303 1951 2393 Tuscarnm

224 2443 356 2508 quoqne
378 2425 553 2490 literarum
580 2442 658 2487 usna
686 2425 728 2486 iis
756 2443 824 2486 non
851 2424 1032 2485 sufficeret.
1074 2419 1114 2483 ln
1141 2431 1284 2503 utraque
1311 2423 1418 2507 igitur
1448 2421 1616 2506 scriptura
1644 2420 1765 2485 literae
1792 2410 1951 2505 quaedam

222 2560 291 2604 non
311 2544 515 2608 necessariae
535 2543 663 2632 negligi
684 2541 849 2620 solebant,
876 2538 1001 2625 additis¹
1020 2537 1114 2618 aliis,
1144 2556 1228 2620 qnae
1254 2536 1390 2600 Umbris
1417 2533 1574 2622 propriae
1604 2535 1762 2602 dicendae
1788 2550 1885 2603 aunt=
1916 2551 1951 2604 et

224 2659 342 2724 Tuscia
364 2659 498 2746 qnidam
519 2661 628 2726 literis
649 2669 783 2745 praeter
802 2659 825 2739 β
846 2654 931 2719 duae
951 2656 1124 2720 sibilantes
1151 2651 1283 2719 additae
1303 2663 1392 2734 sunt,
1420 2672 1561 2737 quarum
1581 2655 1687 2719 altere
1708 2676 1784 2720 cnm
1803 2656 1902 2721 litera
1924 2679 1950 2732 r,

223 2777 330 2842 altere
351 2799 429 2844 cnm
448 2779 519 2842 leni
539 2780 563 2843 d
582 2772 824 2862 quodammodo
846 2773 1134 2860 pronuntiabatur.
1191 2802 1194 2807 ·
1300 2861 1302 2865 ¹
1513 2763 1515 2767 ’

346 2897 377 2963 7.
400 2896 537 2985 Figurae
547 2894 668 2958 harum
678 2893 888 2958 sibilantium
905 2891 1128 2956 aliteraBsic
1142 2894 1341 2974 formarunt,
1353 2901 1392 2957 ut
1402 2891 1457 2989 pel
1467 2893 1673 2976 superiorem
1687 2892 1743 2957 vel
1754 2894 1950 2957 inferiorem

224 3024 441 3079 curvaturam
461 3015 667 3091 omitterent,
683 3020 830 3095 etqnnm
841 3010 967 3075 'luscus
976 3011 1092 3075 literas
1110 3013 1536 3100 sinistrorsumpingerent,
1558 3012 1768 3099 litera‘lpro
1784 3033 1830 3090 ra,
1850 3012 1951 3076 litera

222 3130 248 3192 d
267 3152 331 3221 pro
348 3134 387 3198 ds
404 3135 475 3198 aive
493 3152 512 3197 a
529 3141 717 3211 uterentur,
736 3150 878 3215 quarum
889 3130 1168 3216 illaperlatinas
1178 3131 1294 3194 literas
1306 3150 1350 3209 rs,
1363 3128 1445 3192 haec
1456 3125 1640 3215 petreum
1652 3140 1789 3194 accentu
1800 3132 1951 3217 apposito

222 3249 320 3316 reddi
335 3250 470 3315 solebat.
493 3248 743 3332 llejiciebsntnr
752 3257 870 3312 contra
886 3247 1035 3310 eTnaeis
1053 3247 1161 3311 literis
1173 3250 1336 3335 aspiratae
1346 3251 1376 3314 o
1385 3257 1420 3314 et
1428 3271 1459 3330 χ,
1473 3267 1615 3333 quarm
1634 3248 1695 3311 illa
1712 3248 1762 3310 bis
1773 3239 1903 3312 tantum
1914 3249 1952 3310 in

221 3371 373 3460 iguvinis
384 3368 505 3433 tabulis
516 3366 923 3454 proansnrpatalegitnr,
935 3367 971 3428 in
989 3361 1170 3453 φερφαθ
1180 3365 1242 3446 Ν,
1258 3387 1289 3446 a,
1304 3371 1335 3433 l.
1347 3384 1409 3452 pro
1420 3364 1627 3449 farfoatVI,
1641 3387 1670 3446 a,
1682 3369 1733 3434 ta.
1750 3376 1784 3431 et
1802 3369 1838 3429 in
1851 3364 1951 3451 raad-

222 3489 381 3554 ceFtda
396 3485 488 3568 1‚2o.
505 3505 569 3581 pro
582 3483 819 3574 ceduallae
830 3483 859 3565 1,
872 3484 922 3551 10.
953 3484 1109 3570 Litarap
1121 3502 1182 3568 pro
1194 3484 1259 3567 fin
1269 3506 1368 3550 naum
1378 3488 1482 3566 venit,
1495 3489 1557 3550 etsi
1569 3486 1709 3551 Romani
1718 3497 1896 3577 utramque
1907 3486 1950 3548 lt-

223 3595 331 3670 taram
346 3615 415 3670 tam
433 3603 564 3669 diversa
579 3604 850 3690 pronuntiabant,
865 3613 905 3702 up
915 3602 1076 3667 Graecam
1087 3621 1114 3690 φ
1124 3623 1186 3689 per
1205 3603 1322 3669 literas
1330 3605 1376 3688 pb
1387 3603 1588 3669 reddendam
1599 3613 1763 3689 putarent,
1785 3604 1951 3666 ELetinia
2085 3587 2097 3608 .

222 3724 334 3789 literis
339 3722 460 3788 Umbri
470 3747 490 3789 a
503 3725 705 3805 rejecerunt,
718 3743 782 3808 qua
793 3721 1020 3807 Quintilianus
1030 3721 1186 3784 Romanis
1204 3741 1336 3807 quoqne
1350 3725 1386 3784 in
1396 3724 1492 3785 nullis
1502 3723 1617 3788 verbis
1628 3718 1787 3785 utendum
1798 3720 1951 3786 comebat

150 3872 153 3878 r
222 3842 301 3907 Inst
314 3863 365 3906 or.
378 3841 521 3923 1,a,1o.=
535 3862 557 3926 p
570 3851 687 3906 eontra
704 3861 770 3905 non
780 3843 890 3905 solnm
899 3844 935 3903 in
944 3839 1080 3925 Piqoier
1090 3840 1152 3920 III,
1163 3841 1196 3918 b,
1208 3844 1239 3907 9.
1254 3845 1303 3909 ld.
1314 3851 1348 3905 et
1361 3860 1463 3924 paparo
1473 3840 1536 3919 Vl,
1547 3840 1579 3920 b,
1590 3843 1632 3907 32
1643 3849 1717 3916 cet,
1729 3836 1788 3902 sed
1800 3839 1900 3901 etiam
1913 3839 1950 3900 in
2000 3883 2003 3887 -

219 3962 319 4042 perpe
338 3958 448 4039 V1‚b,
464 3962 493 4023 l.
516 3977 579 4045 pro
602 3959 764 4044 ascripta
784 3959 921 4046 legitur,
947 3966 986 4020 nt
1006 3956 1029 4020 a
1048 3959 1085 4018 in
1104 3957 1251 4038 fratreas
1271 3958 1349 4039 Vll,
1361 3957 1394 4038 b,
1407 3963 1436 4024 l.
1460 3976 1524 4043 pro
1545 3953 1753 4045 φρατρεκς
1779 3955 1946 4036 111‚s‚aa.

222 4077 356 4141 Literna
373 4094 399 4163 y
419 4086 453 4140 et
472 4094 491 4140 z
511 4078 548 4138 in
567 4074 719 4164 Iguvinia
739 4074 863 4139 tabulis
882 4094 949 4137 uon
971 4076 1128 4156 inveniri,
1159 4095 1224 4139 non
1245 4074 1435 4138 mirandum
1456 4085 1516 4153 eat,
1544 4076 1622 4158 qnia
1642 4076 1841 4138 Latinarum
1866 4094 1949 4159 qno-

222 4213 288 4279 que
308 4193 487 4257 literarum
514 4212 554 4257 eo
582 4203 748 4283 tempure,
775 4211 841 4277 qno
869 4192 1092 4257 exarabantur
1111 4194 1245 4258 tabulae
1252 4195 1410 4280 „ultima
1430 4215 1454 4258 a
1474 4203 1546 4256 erat
1565 4189 1747 4257 secundnm
1768 4193 1949 4276 Quintilia-

221 4333 303 4379 nnm
323 4311 403 4375 Inst.
427 4330 477 4377 or.
497 4309 622 4392 1,t.o.,
643 4310 842 4395 Umbrisque
862 4314 991 4397 pariter
1009 4306 1110 4394 atqua
1130 4302 1285 4375 Romanis
1296 4307 1423 4393 (Quint.
1435 4311 1514 4376 lnat.
1529 4330 1579 4378 or.
1592 4308 1669 4390 XII,
1682 4314 1733 4392 lo,
1744 4313 1810 4390 27.)
1823 4311 1950 4375 vocalia

219 4451 245 4520 y
265 4431 408 4495 defuisse
428 4428 573 4494 videtur.
617 4428 684 4495 Sed
704 4449 811 4514 neque
832 4431 867 4492 in
888 4429 1019 4509 Tuscis,
1040 4448 1147 4513 neque
1167 4433 1202 4491 in
1214 4430 1346 4494 Latinis
1367 4430 1476 4494 literis
1496 4441 1548 4495 tot
1567 4428 1699 4494 additae
1719 4437 1796 4493 sunt
1817 4428 1946 4506 literae,

221 4548 303 4632 quot
323 4548 527 4612 necmsariae
547 4557 661 4613 erant:
689 4549 758 4613 imo
780 4550 816 4610 in
837 4547 956 4611 Tuscis
976 4547 1092 4611 literis
1105 4550 1137 4631 β,
1159 4550 1195 4610 in
1216 4548 1347 4612 Latinis
1364 4544 1394 4613 *a
1414 4549 1521 4615 multo
1542 4550 1654 4611 rarius
1672 4554 1832 4630 usurpata
1851 4539 1947 4630 repe-
1968 4629 1971 4641 Ι

221 4669 323 4745 citur,
347 4685 447 4751 mam
466 4683 598 4728 necesse
619 4666 694 4728 fuit.
725 4664 893 4729 InTnscis
912 4666 1019 4729 literis
1040 4665 1172 4728 nnllnm
1192 4664 1372 4730 discrimen
1392 4669 1517 4731 iactum
1538 4658 1696 4729 sst'inter
1716 4683 1736 4726 o
1758 4673 1793 4727 et
1812 4683 1834 4726 a
1848 4681 1947 4727 voca·

220 4784 281 4864 les,
302 4785 455 4868 interque
475 4781 599 4848 medias
620 4770 654 4864 b,
673 4803 708 4867 g,
727 4785 761 4865 d,
781 4795 816 4849 et
834 4794 949 4848 munes
966 4804 1003 4866 p,
1025 4803 1053 4865 c,
1077 4793 1102 4865 t,
1125 4796 1357 4866 consonantem
1389 4788 1425 4849 in
1445 4786 1575 4851 latinis
1603 4778 1720 4846 contra
1732 4785 1755 4864 j
1774 4790 1809 4845 et
1828 4802 1849 4846 o
1869 4802 1945 4846 con·
2030 4770 2041 4797 '

221 4911 375 4968 sonantes
401 4923 468 4969 non
494 4899 668 4969 distinam
699 4914 776 4983 sant
795 4923 815 4969 a
835 4903 1008 4970 vocalibus
1034 4906 1104 4970 iet
1121 4922 1161 4984 a,
1191 4913 1268 4991 post
1298 4924 1377 4989 quas
1408 4923 1480 4968 eam
1514 4902 1557 4967 ob
1583 4916 1719 4966 cansam
1750 4899 1947 4987 plerumque

1679 5069 1700 5132 2
