4364 5754
948 573 1188 635 -12...

221 740 309 804 lectu
327 721 402 801 sunt
421 715 598 820 sequentis,
627 736 744 820 quibus
765 746 871 800 tamen
892 755 932 798 ox
951 739 1005 816 iis,
1033 754 1117 819 quus
1137 733 1198 813 IV,
1215 753 1243 808 u,
1262 735 1311 799 15.
1333 742 1369 795 et
1387 730 1497 811 V1,s,
1515 733 1566 798 51.
1589 731 1756 819 leguntur,
1787 730 1925 822 πιρκαφ

223 854 388 936 iuduere
407 853 560 935 πενιζατε
580 875 605 918 s.
625 873 722 935 porco
740 857 917 936 ρονιὶεὶατττ
937 853 1094 931 λοόὶοατο,
1115 851 1148 914 Ιι.
1170 871 1200 917 e.
1222 862 1351 915 servato
1371 847 1411 913 de
1432 849 1526 913 coelo
1545 852 1722 935 puniceati,
1742 849 1801 912 lux
1821 870 1926 934 quse·

221 971 294 1036 dam
314 974 445 1059 aspergi
463 990 556 1056 posse
575 968 719 1036 ridetur.

379 1093 411 1155 9.
452 1087 491 1152 Si
516 1089 692 1154 Miletinem
721 1109 783 1174 pro
810 1089 941 1167 Mileto,
968 1099 1007 1168 ut
1025 1089 1192 1170 Iguuinos
1219 1105 1281 1172 pro
1311 1085 1441 1173 Ignem,
1472 1083 1624 1149 dicebant
1649 1084 1792 1164 Umbri,-
1810 1085 1928 1148 verbis
2008 1070 2014 1086 ⁴

220 1209 379 1273 orossius
400 1214 527 1271 tetiome
545 1208 714 1272 Milets'nor
733 1227 899 1292 purpurea
919 1207 1020 1269 vestis
1046 1204 1159 1268 Mileti
1179 1214 1294 1289 parate
1313 1200 1515 1290 designetur,
1538 1222 1602 1286 qus
1615 1200 1752 1284 ‚inducti
1770 1201 1927 1266 secerdo-

221 1335 269 1388 tes
288 1325 510 1390 vicumabmt,
550 1323 680 1388 Lauda
710 1328 798 1387 enim
818 1323 983 1411 Virgilius
1012 1320 1051 1387 G.
1073 1322 1132 1401 111,
1149 1326 1211 1389 306
1232 1342 1277 1405 sq.
1307 1320 1442 1384 Milesia
1455 1319 1611 1398 uellere,
1642 1319 1765 1402 Tyrios
1792 1322 1928 1384 incocta

220 1442 371 1522 rubores,
391 1454 429 1507 ut
448 1440 488 1507 G.
511 1441 573 1521 Ν,
589 1444 652 1509 334
671 1462 718 1526 sq.
746 1440 879 1503 Milesia
898 1442 1036 1520 vellere,
1067 1439 1158 1522 hyali
1185 1449 1296 1502 saturo
1323 1441 1432 1502 fucate
1459 1439 1582 1501 colore.
1625 1437 1739 1522 Itaque
1765 1443 1928 1503 emersisse

222 1579 289 1623 uon
308 1571 357 1624 ost
377 1580 453 1624 cum
473 1557 598 1624 Graeco
620 1559 782 1656 udjectivo
805 1551 973 1647 ομόρνινος
994 1580 1020 1623 s.
1041 1559 1207 1645 μόραινος,
1232 1555 1290 1619 sed
1310 1576 1385 1619 cum
1404 1558 1525 1620 Latino
1545 1559 1709 1636 muricem,
1739 1566 1778 1619 ut
1799 1566 1930 1621 tellures

115 1727 119 1735 .
222 1697 298 1740 cum
311 1687 418 1758 texto,
440 1677 705 1763 comparendum,
726 1689 764 1741 nt
785 1676 973 1766 designetur
992 1676 1134 1758 fulgenti
1154 1677 1270 1739 morice
1289 1677 1387 1739 vestis
1407 1674 1517 1760 (Virg.
1531 1673 1570 1737 Δ.
1583 1674 1644 1753 IX,
1653 1674 1729 1753 614)
1750 1674 1805 1737 vel
1827 1679 1931 1740 uestis

225 1793 362 1860 Gaetulo
380 1799 495 1862 morice
517 1800 617 1861 tincta
638 1793 892 1880 (Horst‘Epist.
915 1795 1001 1874 11‚2,
1015 1797 1082 1861 181.
1106 1795 1183 1857 coll.
1207 1791 1316 1855 Caum.
1339 1792 1383 1870 11,
1397 1794 1520 1886 11136).
1554 1790 1640 1873 Quis
1657 1796 1742 1855 'vero
1763 1791 1930 1872 ejusmodi

222 1917 321 1978 vestis
351 1917 449 1978 tertio
477 1922 780 1995 procopracotarum
802 1913 938 1991 dicitur,
966 1915 1124 1977 smorrime
1152 1921 1277 1975 tettome
1304 1912 1340 1971 in
1366 1911 1524 1973 feminino
1551 1928 1673 1997 genere
1698 1907 1930 1994 accipiendum

221 2029 366 2108 videtur,
387 2040 426 2093 ut
443 2050 586 2112 purpure
608 2041 696 2093 textu
716 2029 802 2113 apud
822 2031 969 2094 Martisl.
991 2028 1052 2108 XI,
1075 2033 1178 2117 epigr.
1195 2031 1246 2096 57.
1268 2038 1302 2092 et
1321 2032 1504 2093 esuristrom
1525 2028 1620 2093 οοόίοι
1642 2048 1666 2092 s.
1689 2027 1817 2108 foruit'o
1836 2002 1931 2092 vene-⁸

224 2149 348 2212 rutr'osse
367 2147 403 2207 in
430 2148 643 2231 inscriptione
664 2146 795 2212 Voluce.
838 2147 993 2211 Ceterum
1012 2147 1114 2209 verbs
1144 2149 1284 2211 tertiaret
1299 2156 1603 2227 prucoprecotorem
1629 2144 1741 2209 addita
1767 2155 1857 2231 puto,
1888 2157 1931 2210 ut

224 2265 323 2326 vestis
343 2263 510 2350 auguralis
530 2261 729 2350 designetur,
751 2283 848 2346 quem
869 2261 987 2326 Cicero
1008 2261 1049 2325 ad
1074 2264 1161 2329 Fam.
1184 2265 1295 2344 11,1e.
1323 2275 1356 2327 et
1376 2263 1417 2328 ad
1436 2265 1504 2332 Att.
1527 2265 1572 2346 11,
1590 2268 1621 2331 9.
1644 2265 1813 2347 dibaphum
1831 2264 1929 2345 dicit,

225 2383 303 2464 quie
322 2383 467 2464 primum
488 2400 598 2459 cocco,
629 2379 745 2445 deinde
764 2401 913 2465 purpura
934 2382 1132 2469 tingebatur.
1154 2381 1284 2471 ⁸Quum
1305 2384 1391 2447 enim
1412 2386 1541 2465 antiqui
1562 2380 1680 2446 Graeci
1700 2381 1849 2471 tingendi
1868 2402 1931 2444 uo-

223 2499 347 2562 tionem
368 2517 434 2561 non
455 2502 679 2583 exprimerent
698 2498 800 2563 verbo
820 2493 963 2580 βάπτειν,
990 2497 1078 2581 quod
1098 2497 1185 2583 apud
1205 2500 1391 2562 Homerum
1418 2498 1479 2563 Od.
1502 2500 1562 2580 IX,
1578 2503 1651 2568 392.
1671 2497 1839 2582 βαπτίζειν
1860 2505 1931 2572 (ιὀι·

221 2608 373 2700 mergere)
393 2617 563 2704 significet,
593 2616 651 2680 sed
669 2618 772 2681 verbo
792 2613 897 2705 ῥέζειν
916 2638 941 2682 s.
963 2611 1083 2706 ῥάζειν,
1111 2617 1241 2680 aeolice
1255 2610 1399 2706 βράζειν,
1432 2621 1494 2682 etsi
1514 2618 1680 2681 Homerus
1707 2618 1746 2680 11.
1770 2616 1830 2694 IV,
1854 2621 1929 2683 141.

222 2729 361 2815 μιαίνειν
379 2731 492 2797 dicero
512 2737 626 2798 meluit
646 2756 742 2819 quem
762 2729 896 2822 ῥαίνειν,
925 2756 990 2819 quo
1010 2733 1119 2805 verbo,
1135 2738 1170 2796 in
1191 2735 1266 2797 aliis
1286 2735 1370 2799 locis
1390 2755 1452 2819 pro
1472 2731 1601 2824 βρέχειν
1622 2733 1756 2817 (rIgere,
1780 2753 1930 2815 consper*

223 2852 313 2935 gers)
335 2854 459 2931 utitur3
489 2852 607 2914 Umbri
629 2853 790 2916 dmentem
817 2873 949 2917 vocasse
969 2851 1136 2931 videntur,
1158 2851 1246 2936 quod
1267 2854 1381 2919 colore
1402 2855 1544 2916 tinctum
1565 2863 1647 2932 eret,
1670 2851 1931 2916 oracotmcamm

224 2971 330 3056 igitur
353 2969 408 3031 vel
432 2950 693 3051 prucoprocutom
719 2981 843 3034 restem
870 2971 920 3032 bis
949 2973 1076 3031 murice
1104 2971 1250 3036 tinctum.
1294 2968 1362 3032 Sub
1392 2973 1491 3034 tertie
1517 2989 1599 3033 vero
1624 2980 1931 3053 prucoprecaIumm

96 3151 106 3163 ,
225 3083 536 3168 equidemtrabesm
556 3086 719 3174 intelligo,
741 3090 835 3167 cujus
854 3090 920 3151 trie
940 3105 1061 3175 genera
1081 3088 1181 3148 fuisse
1202 3084 1298 3168 docet
1307 3085 1484 3150 Suetonius
1504 3091 1540 3149 in
1561 3086 1648 3150 libro
1670 3087 1711 3151 de
1728 3091 1933 3152 vestimentis

223 3203 312 3289 apud
329 3202 485 3268 Servium
506 3202 548 3266 sd
567 3203 664 3291 Virg.
685 3203 924 3282 A.·v11,612.:
946 3225 1049 3269 uuum
1069 3202 1158 3287 quod
1177 3202 1241 3267 diis
1260 3216 1423 3270 secretum
1443 3216 1477 3269 et
1496 3215 1602 3268 totum
1621 3226 1826 3291 purpureum
1847 3208 1933 3284 fuit;

226 3324 365 3384 alterum
385 3323 464 3383 item
484 3339 698 3404 purpureum,
720 3319 777 3383 sod
797 3320 925 3404 aliquid
945 3323 1013 3385 albi
1035 3322 1168 3402 habeus,
1189 3343 1254 3406 quo
1276 3342 1369 3411 reges
1389 3324 1586 3402 utebantur3
1608 3300 1744 3388 tertium
1764 3344 1933 3412 augurum

226 3439 409 3522 proprium,
442 3442 590 3520 purpura
619 3445 653 3498 et
684 3456 782 3499 cocco
813 3440 962 3499 mixtum.
1005 3437 1062 3502 Sic
1089 3442 1168 3503 setis
1193 3439 1326 3524 quidem
1356 3442 1522 3505 illustrate
1547 3452 1629 3527 puto
1648 3421 1782 3506 tabulae
1800 3451 1934 3505 nostrae

227 3556 350 3633 verba5
371 3551 430 3616 sed
447 3573 530 3637 quae
541 3550 590 3616 'de
608 3552 750 3636 antiquo
769 3552 972 3617 Graecorum
992 3575 1054 3617 usu
1074 3557 1168 3619 verbi
1188 3553 1292 3644 ῥέζειν
1312 3556 1393 3637 dixi,
1414 3561 1518 3622 fusius
1538 3579 1625 3623 nuuc
1645 3561 1799 3622 euincere
1818 3560 1931 3638 licoat,

224 3682 262 3736 ut
282 3669 359 3735 iude
379 3671 586 3757 explicentur
605 3670 671 3733 slis
690 3691 808 3755 parum
828 3670 934 3734 adhuc
954 3672 1132 3737 intellecta.

281 3838 284 3842 -
388 3791 438 3855 1⁰.
480 3790 643 3878 Βράκεα
662 3788 844 3874 Sapphonis
863 3792 906 3855 fr.
927 3790 979 3854 10.
1002 3800 1036 3852 et
1054 3789 1230 3883 Theocriti
1250 3788 1410 3872 XXVIII,
1423 3795 1486 3872 11.,
1500 3812 1592 3876 ,quse
1610 3792 1794 3877 Hesychius
1814 3787 1932 3875 ἱμάτια
2012 3770 2016 3777 ¹

225 3905 385 3992 πολυτελῆ
404 3908 652 3992 interpretatur,
680 3926 747 3970 non
774 3917 851 3969 sunt
873 3906 1016 3970 Homeri
1042 3904 1168 3993 ῥάκεα
1195 3905 1351 3996 ῥωγαλέα,
1380 3903 1562 4000 ῥυπόωντα,
1589 3912 1680 3999 κακῷ
1705 3914 1934 4000 μεμορυγμένα

227 4023 339 4107 καπνῷ
359 4021 420 4086 Od.
442 4023 629 4105 liniret,
651 4023 708 4087 scd
727 4023 851 4114 ῥήγεα
871 4023 965 4104 καλό,
986 4024 1169 4115 πορφύρεα,
1191 4026 1388 4112 σιγαλόεντα,
1409 4029 1448 4092 IL
1470 4028 1598 4109 XXIV,
1608 4032 1680 4097 644.
1703 4027 1763 4093 Od.
1784 4027 1931 4108 1v‚297.

227 4138 354 4242 ,Vl'ae'
376 4149 438 4205 cet.
480 4141 572 4204 Hsec
592 4153 702 4206 sutem
721 4137 832 4225 βαπτὰ
850 4137 964 4225 ἱμάτια
984 4139 1040 4208 καὶ
1058 4147 1255 4233 περιβόλαια
1275 4149 1514 4231 interpretatur
1533 4148 1674 4230 Etymol.
1688 4145 1786 4226 cut,
1807 4148 1844 4208 iu
1864 4165 1933 4230 quo

227 4257 334 4321 simul.
347 4256 397 4318 bis
417 4256 553 4345 legitur,
580 4258 668 4341 quod
688 4261 830 4343 Etymol.
853 4261 965 4350 Magn.
987 4262 1098 4325 habet:
1128 4255 1278 4348 Ῥῆγος,
1298 4257 1336 4328 τὸ
1355 4264 1546 4354 πορφυροῦν
1565 4261 1787 4350 περιβόλαιον·
1808 4258 1933 4353 ῥέξαι

226 4376 308 4450 (non
328 4371 467 4464 ῥῆξαι)
486 4368 550 4460 γὰρ
569 4371 608 4437 τό
628 4377 750 4466 βάψαι,
772 4375 828 4443 καὶ
848 4368 918 4443 οἷον
939 4380 1169 4466 μεταποιῆσαι.
1205 4373 1280 4445 ’Ότι
1301 4378 1337 4448 dd
1357 4379 1495 4469 ῥαγεῖς
1521 4379 1622 4467 (apud
1648 4381 1791 4464 Hesych.
1820 4377 1934 4469 ῥηγεῖς

226 4494 282 4556 vel
302 4491 436 4582 ῥογεῖς
456 4502 490 4557 et
509 4489 677 4581 ῥιγιοτάς)
698 4493 808 4580 ἔλεγον
834 4491 912 4572 τοὺς
937 4498 1065 4585 βαφεῖς,
1098 4493 1152 4562 καὶ
1179 4494 1296 4584 ῥόγος
1315 4492 1359 4562 ,τό
1385 4500 1501 4580 βάμμα
1529 4496 1633 4584 (apud
1663 4498 1805 4581 Hesych.
1830 4497 1933 4560 etium

228 4610 341 4701 ῥάμμα
360 4620 395 4674 et
415 4605 571 4698 ῥόγμα),
598 4609 702 4700 σαφὲς
723 4605 901 4701 Ἀνακρέων
925 4616 1028 4681 ποιεῖ’
1043 4607 1283 4704 Ἀλιπόρφνρον
1311 4614 1441 4706 ῥέγος·
1463 4613 1518 4682 ναὶ
1536 4613 1626 4706 παρὰ
1645 4616 1766 4704 Ἰβύκφ·
1786 4609 1934 4682 Ποικόλα

228 4727 428 4817 ῥἐγματα.ι
469 4749 531 4813 pro
553 4728 671 4814 quibus
691 4731 727 4792 in
748 4731 881 4794 Orionis
902 4733 1051 4798 Thebani
1070 4735 1299 4822 Etymologico
1330 4737 1377 4797 sic
1404 4738 1565 4821 scriptum
1596 4724 1661 4799 est:
1695 4728 1863 4823 Ῥῆγος,
1895 4730 1936 4801 τό

226 4842 353 4923 βαπτὸν
366 4920 368 4924 ³
383 4845 525 4935 ατρῶμα·
556 4844 673 4937 ῥέξαι
702 4845 765 4936 γὰρ
795 4846 832 4916 τό
864 4853 971 4941 βάψαι
1004 4888 1043 4904 -
1068 4847 1126 4918 καλ
1155 4851 1295 4942 ῥηγοῖς
1323 4847 1434 4939 ἔλεγον
1463 4851 1540 4931 τούς
1569 4854 1687 4938 βαφεῖς
1718 4847 1749 4918 οἱ
1782 4848 1931 4920 παλαιοί.
