4364 5754
818 579 1310 651 ,„-17-„

222 746 453 835 »purgamenti
474 763 570 809 causa
591 745 628 806 in
649 744 910 828 quibuscumque
930 743 1101 806 merificiis
1128 741 1347 821 adhibentur,
1377 742 1493 826 februo
1520 743 1768 830 appellanture'
1793 742 1830 807 id
1856 765 1949 826 vero,

222 862 333 948 »quod
359 874 537 952 purgatur,
564 861 691 927 dicitur
718 862 930 943 fabricatum«.
975 863 1019 925 cla
1048 859 1232 925 Censorin.‘
1249 862 1291 925 D.
1320 859 1363 927 N.
1392 863 1444 928 22.
1470 860 1645 950 Angustin.
1676 861 1716 935 0.
1742 862 1783 930 D.
1815 864 1893 945 Vn,
1917 865 1976 932 7..

220 980 527 1067 Sabinosquidem,
549 981 664 1044 Varro
684 981 726 1046 L.
748 982 790 1046 1..
812 980 874 1059 VI,
895 981 924 1063 ξ.
949 982 997 1045 13.
1020 982 1137 1060 refert,
1165 989 1421 1068 purgamentum
1440 980 1586 1062 februum
1608 981 1749 1061 dixisse3
1771 979 1828 1046 sed
1849 1004 1951 1067 quum

221 1101 425 1164 Laurentius
442 1098 560 1184 ‘Lydus
581 1097 621 1174 de
640 1118 751 1161 menso
772 1099 953 1161 Februario
981 1108 1121 1167 testetur
1146 1117 1188 1160 ex
1214 1098 1340 1182 Anysio
1370 1098 1527 1184 quodam,
1558 1100 1714 1164 Februum
1743 1099 1860 1176 deum,
1891 1076 1952 1186 qui

222 1220 460 1283 lustrationum
480 1229 595 1304 potens
618 1215 815 1281 credebatur
835 1214 1016 1279 secundum
1037 1214 1250 1280 Macrobium
1271 1217 1305 1283 S.
1328 1217 1356 1298 1,
1379 1222 1441 1296 13„
1463 1217 1561 1281 deum
1582 1221 1726 1282 inferum
1747 1223 1817 1282 sive
1838 1220 1952 1283 Pluto·

222 1358 299 1400 nem
320 1335 502 1401 secundum
523 1335 689 1398 Isidorum
711 1335 826 1421 Origg.
848 1332 895 1413 V,
906 1338 959 1412 33,
971 1337 1001 1399 4.
1040 1334 1233 1400 Tuscorum
1254 1336 1370 1424 lingua
1391 1355 1460 1399 ease
1479 1346 1652 1417 vocatum,
1680 1336 1856 1400 februandi
1875 1359 1952 1403 ver·
2021 1365 2023 1371 ¹

221 1457 300 1518 bum
322 1453 475 1538 equidem
496 1454 630 1518 Umbris
651 1454 819 1532 attribuo,
842 1462 876 1516 et
896 1452 985 1535 quod
1005 1462 1080 1538 post
1101 1474 1194 1517 sacra
1216 1454 1339 1518 Telrae
1359 1456 1493 1533 Joviae,
1516 1473 1616 1538 quam
1630 1454 1731 1518 deam
1750 1456 1863 1519 Palem
1882 1478 1952 1520 esse

148 1547 153 1556 Ι
222 1576 461 1658 interpretatus
481 1593 567 1653 sum,
588 1573 702 1637 onibus
723 1573 921 1648 februarint,
944 1568 987 1633 ad
1008 1570 1171 1650 ejusmodi
1192 1576 1308 1636 ovium
1328 1573 1560 1639 lustrationem
1581 1574 1704 1652 refero,
1727 1574 1858 1711 qualem
1872 1575 1952 1640 Ovi-

160 1696 162 1705 '
224 1689 297 1754 dius
320 1693 352 1753 F.
376 1691 439 1772 IV,
462 1695 533 1759 731
556 1692 592 1753 in
612 1691 779 1752 Parilibus
800 1692 848 1752 sic
870 1688 1066 1773 descripsit:

468 1807 497 1889 1,
519 1820 595 1894 pete
616 1812 779 1896 virginea,
800 1808 956 1892 populns,
978 1811 1132 1870 suffimen
1153 1810 1194 1871 ab
1216 1828 1291 1870 ara.

553 1928 656 2002 Vesta
678 1925 789 2005 dabtt;
810 1925 935 1990 Vestae
954 1945 1092 1988 munere
1112 1935 1224 2011 purus'
1237 1929 1313 1990 eris.

471 2044 612 2132 Sanguis
635 2046 711 2126 equs
733 2045 887 2105 suffimen
909 2045 975 2106 erit
993 2044 1160 2127 vitulique
1180 2030 1337 2107 ravenn
1388 2035 1391 2040 ’

500 2155 505 2164 ’
553 2161 670 2224 Tertia
690 2181 743 2224 rea
765 2160 868 2224 durae
889 2162 1022 2225 culmen
1042 2163 1141 2224 inane
1166 2163 1270 2226 labae.
1379 2183 1386 2198 ·

471 2256 599 2358 Pastor.
619 2300 698 2343 oves
718 2290 847 2344 satenras
867 2278 909 2341 ad
929 2282 1040 2368 prima
1060 2281 1254 2366 crepuscula
1275 2281 1397 2370 lustra:

553 2397 648 2461 Unda
668 2401 763 2482 prius
784 2408 928 2485 spargat,
950 2402 1113 2486 virgaque
1133 2409 1247 2462 verrat
1268 2398 1415 2463 humum.

471 2514 656 2579 Frondibus
676 2527 711 2581 et
729 2518 805 2581 fixis
827 2515 1029 2579 decorentur
1050 2516 1153 2578 ovilia
1174 2519 1286 2594 ramis,
1347 2558 1350 2563 ,

553 2637 594 2698 Et
614 2645 704 2722 tegat
723 2644 856 2696 ornatas
878 2635 978 2721 longa
999 2651 1122 2696 corona
1142 2636 1240 2695 fores.

471 2751 627 2816 Caerulei
647 2755 727 2815 fiant
746 2755 829 2816 vivo
849 2750 889 2813 de
909 2752 1037 2812 sulfure
1058 2752 1153 2828 fumi,

485 2909 505 2929 .
535 2870 731 2962 ..Tectaque
752 2867 1044 2930 fumanti'sulfure
1065 2866 1158 2928 balet
1178 2869 1260 2931 oris.

266 2974 277 3064 J
392 2983 675 3070 Quemadmodum
695 2985 747 3047 his
768 2985 919 3049 versibus
947 2987 1083 3066 stellare
1105 2985 1311 3067 persondrom
1339 2985 1543 3074 descriptum
1572 2990 1730 3078 legimus,
1759 2993 1817 3054 sic·
1835 2994 1957 3057 aorscle
2090 3021 2094 3026 ·

193 3102 202 3113 ⁸
226 3109 308 3179 Fast.
332 3105 394 3185 1v,
417 3108 480 3172 725
500 3122 569 3188 sqq.
589 3140 590 3145 ι

473 3222 570 3288 Certe
592 3244 652 3313 ago
674 3221 716 3287 de
736 3223 846 3288 vitulo
868 3225 1015 3286 cinerem
1035 3223 1238 3306 stipulasque
1257 3222 1380 3283 sabales
1463 3243 1467 3252 ·

555 3341 662 3427 Saepe
683 3343 744 3405 tuli
764 3342 864 3426 plena
884 3341 1001 3403 februa
1022 3349 1111 3402 casta
1131 3342 1246 3405 mauu.

475 3460 574 3524 Certe
595 3481 657 3549 ego
679 3461 834 3524 transilui
848 3462 978 3544 positas
1000 3468 1053 3522 ter
1073 3461 1109 3520 in
1131 3456 1248 3522 ordine
1269 3459 1425 3538 flammas,

557 3577 694 3662 Udaque
716 3588 844 3642 roratas
865 3577 981 3640 laurea
1000 3579 1093 3640 misit
1113 3597 1223 3661 aquas.

394 3702 442 3763 11.
485 3697 558 3760 Hos
578 3717 693 3761 versus
724 3717 764 3760 eo
791 3697 949 3760 libentius
980 3696 1135 3775 laudavi.
1164 3696 1244 3779 quia
1275 3716 1341 3759 non
1362 3686 1470 3758 solum
1498 3676 1697 3774 monstrant,
1730 3698 1824 3780 qualo
1855 3687 1960 3761 luerit

228 3820 364 3899 stellare
385 3826 419 3879 et
439 3817 562 3881 coraule
573 3818 791 3898 persentimus,
814 3817 933 3898 quibus
955 3815 1073 3878 ovibus
1086 3814 1275 3879 iebruatum
1295 3817 1349 3893 sit,
1371 3813 1429 3877 sed
1441 3816 1542 3878 etiam
1565 3812 1694 3896 Tafram
1708 3812 1837 3881 Jooiom
1847 3803 1959 3879 Palem

229 3933 478 4024 intelligendam
510 3955 579 3996 esse
612 3935 764 4017 probant.
820 3932 909 4013 Quid
937 3935 1026 3994 enim
1053 3932 1234 3995 similius
1223 3934 1372 3996 invenias
1405 3934 1526 3996 ritibus
1554 3936 1640 3998 sexti
1668 3935 1826 3997 sacrificii
1853 3953 1959 4001 neme
2028 3933 2039 3958 ⁴

229 4052 362 4118 Actora
384 4072 479 4139 pera,
502 4050 602 4141 ξερεφ
625 4071 717 4135 qens,
739 4049 890 4115 πελσανα
911 4071 1049 4138 parma
1028 4047 1138 4135 othu
1158 4068 1308 4132 amma,
1329 4071 1410 4117 nare
1430 4071 1529 4177 paea,
1555 4050 1631 4134 ταζε
1633 4050 1653 4132 ξ
1615 4071 1815 4136 assertae
1837 4050 1959 4142 αριπεῤ

229 4167 344 4254 αρΕις,
366 4191 465 4254 quam
486 4170 546 4233 hos
568 4189 684 4233 versus
705 4170 788 4263 Fast.
814 4169 877 4248 IV,
899 4173 959 4236 741
981 4190 1051 4253 sqq.

477 4289 546 4352 Ure
567 4291 668 4351 maris
688 4308 794 4366 rores,
816 4286 1027 4371 taedamque,
1041 4270 1224 4371 herbasque
1245 4284 1393 4368 Sabinas,

557 4409 599 4472 Et
620 4410 765 4492 crepet
754 4429 790 4469 nn
811 4405 929 4469 mediis
950 4407 1065 4469 laurus
1085 4404 1202 4472 adusta
1220 4407 1321 4485 iocie3

477 4526 629 4609 Libaque
649 4523 691 4588 de
711 4525 807 4587 milio
828 4525 917 4587 milii
936 4499 1061 4588 fiscella
1079 4534 1257 4609 sequatur.

560 4643 696 4706 Rustica
715 4645 896 4728 praecipue
917 4654 966 4706 est
987 4644 1051 4706 hoc
1072 4641 1133 4706 dea
1155 4642 1243 4707 laeta
1263 4644 1350 4709 cibo.
1418 4645 1421 4647 ’

476 4760 570 4826 Adde
591 4759 689 4845 dapes
709 4758 953 4846 mulctramque
973 4781 1064 4824 suns.
1087 4753 1291 4847 dapib‘usque
1312 4764 1448 4827 resectis

561 4879 757 4944 silvicolam
778 4880 891 4966 tepido
912 4881 998 4945 lacte
1013 4899 1156 4966 precare
1177 4878 1287 4944 Palen
