4364 5754
1059 573 1265 637 ...5-

296 753 485 815 accentum
510 762 659 835 gravem
684 738 809 811 literae
833 762 852 810 s
877 739 1103 834 appositum,
1137 738 1206 809 etsi
1231 761 1340 833 saepe
1365 763 1386 809 a
1412 737 1686 835 chalcographis
1711 739 1931 835 neglectum,
1958 744 2032 815 dis·

167 861 168 865 ’
297 856 396 933 cerni
421 859 525 931 solet.
563 856 758 929 Umbricas
783 856 918 946 literas,
946 859 1039 929 sicut
1056 854 1206 945 Tuscae,
1231 856 1331 928 unde
1357 856 1540 950 originem
1564 867 1751 951 ceperunt,
1777 860 2031 933 sinistrorsum

299 981 451 1073 scriptas
486 1000 575 1064 esse,
605 984 741 1070 puncto
767 974 813 1045 ad
845 975 1035 1046 diversum
1065 972 1160 1044 latus
1185 975 1353 1067 apposito
1385 971 1595 1067 significavi.
1648 972 1819 1047 Ceterum
1855 977 2032 1051 Umbrice

295 1098 428 1192 scripta
453 1091 640 1181 vocabula,
672 1102 764 1187 quae
788 1093 828 1162 in
852 1090 995 1165 Latinis
1021 1090 1155 1164 tabulis
1181 1100 1318 1185 puncto
1345 1089 1405 1178 (.)
1432 1101 1681 1182 secernuntur,
1707 1095 1811 1186 signo
1839 1092 1906 1184 (z),
1933 1098 2032 1190 quod

295 1210 401 1288 colon
427 1211 501 1283 dici
526 1209 630 1299 solet,
657 1219 841 1302 segregata
865 1219 963 1280 sunt.
1003 1208 1105 1288 Quae
1130 1207 1282 1303 quidem
1309 1209 1423 1302 signa,
1448 1209 1523 1299 jam
1548 1208 1588 1279 in
1613 1209 1812 1305 archetypo
1836 1235 2033 1306 perperam

295 1354 401 1425 saepe
420 1328 550 1422 posita,
574 1324 795 1421 plerumque
815 1326 967 1416 correxi,
991 1335 1028 1397 et
1044 1326 1110 1398 ubi
1129 1325 1265 1397 omissa
1280 1337 1377 1417 sunt,
1402 1326 1531 1417 adjeci,
1556 1349 1631 1420 quo
1646 1326 1790 1400 facilius
1811 1327 2032 1421 intelligere-

295 1462 353 1523 tur
386 1447 509 1517 futura
540 1442 805 1514 vocabulorum
835 1444 1098 1538 interpretatio.
1149 1440 1345 1514 Exhibebo
1377 1443 1497 1531 enim,
1532 1443 1601 1514 etsi
1626 1466 1701 1514 non
1734 1444 1869 1514 iisdem
1903 1442 2031 1534 literis,

293 1560 416 1640 tamen
439 1558 574 1631 iisdem
599 1561 733 1649 verbiS,
770 1562 868 1655 ipsas
894 1561 1107 1656 Dempsteri
1131 1559 1273 1631 tabulas
1299 1584 1385 1632 cum
1409 1560 1519 1631 variis
1544 1557 1703 1630 aliorum
1728 1559 1960 1651 lectionibus,
1996 1573 2032 1633 et

293 1686 416 1780 primo
442 1677 593 1774 quidem
612 1676 784 1767 Latinas.
800 1679 947 1769 deinde,
972 1703 993 1749 a
1019 1676 1217 1749 serioribus
1243 1677 1290 1748 ad
1314 1675 1537 1769 antiquiores
1562 1678 1810 1771 progrediens,
1837 1678 2032 1752 Umbricas

294 1798 441 1875 Graecis
467 1793 581 1865 literis
596 1795 821 1885 redditas,
793 1820 845 1866 src
869 1807 911 1867 ut
935 1794 1283 1890 praemissisversui
1308 1791 1440 1887 cuique
1454 1791 1630 1865 Romanis
1654 1820 1896 1868 numerorum
1917 1799 2031 1892 signis

293 1913 453 2004 tabulae,
487 1910 609 1983 literas
635 1935 660 1984 a
684 1909 722 2005 ᾇ*
747 1910 959 2045 bpugirroa
993 1912 1128 1984 anticas
1154 1922 1190 1982 et
1214 1911 1383 2006 posticas,
1418 1912 1636 1982 nostratium
1642 1936 1756 2046 orgo
1788 1938 2031 1986 numerorum

293 2035 406 2130 signis
430 2050 556 2103 versus
581 2028 800 2119 indicem,
788 2053 828 2100 ιιι
855 2030 990 2126 quibus
1022 2027 1200 2100 vocabula
1225 2048 1390 2123 quaeque
1414 2024 1601 2120 leguntur:
1639 2029 1679 2100 in
1705 2030 1936 2102 vocabulis
1899 2033 2031 2130 rpsis‚

292 2153 379 2224 licet
402 2169 596 2244 perperam
622 2170 729 2241 saepe
759 2147 959 2242 inscriptis,
997 2170 1044 2218 ne
1082 2146 1288 2239 corrigendi
1326 2143 1520 2214 arbitrium
1557 2144 1653 2217 mihi
1691 2156 1890 2219 verteretur
1926 2149 2030 2236 vitio,

292 2267 389 2341 nihil
415 2263 620 2352 emendavi,
657 2264 731 2334 nisi
755 2264 856 2358 quod
887 2262 1045 2335 aliorum
1078 2263 1233 2335 lectione
1263 2260 1459 2333 nitebatur.
1513 2259 1689 2341 Quartam
1725 2263 1841 2336 solam
1866 2263 2029 2335 tabulam

291 2385 484 2459 reservabo
509 2383 549 2451 in
583 2380 783 2452 secundam
819 2379 931 2470 hujus
970 2381 1091 2475 operis
1122 2377 1352 2475 particulam,
1389 2375 1456 2449 ubi
1481 2377 1528 2448 ad
1559 2376 1766 2450 enodandas
1800 2380 1935 2453 multas
1970 2405 2029 2452 res

290 2501 510 2577 necessarias
535 2508 660 2593 quarta
691 2522 737 2569 ex
761 2497 927 2590 Iguvinis
950 2493 1087 2569 tabulis
1112 2521 1201 2569 cum
1232 2507 1332 2568 sexta
1357 2495 1586 2629 septimaque
1618 2497 1900 2590 comparabitur.
1952 2498 2030 2569 Ad-

291 2622 378 2694 dam
404 2642 424 2688 e
449 2616 628 2689 contrario
666 2614 924 2709 inscriptiones
960 2614 1099 2710 aliquot
1124 2614 1298 2704 minores,
1335 2614 1376 2685 in
1408 2612 1519 2683 variis
1557 2611 1648 2683 locis
1681 2623 1854 2708 repertas,
1892 2615 2028 2708 partim

289 2736 499 2819 Umbricas,
532 2733 667 2824 partim
694 2730 846 2804 Volscus
871 2731 1006 2804 aliasve
1030 2729 1219 2804 Umbricis
1244 2739 1432 2879 cognatas,
1465 2752 1595 2802 omnes
1628 2737 1751 2802 autem
1776 2729 1919 2804 Latinis
1946 2730 2027 2804 lite-

288 2858 339 2928 ris
368 2851 530 2943 scriptas.
