4364 5754
955 593 1163 662 ...2⁷-

193 761 413 850 rsligionibus
444 758 631 823 domesticis
663 778 737 843 pag,
759 760 833 836 dd,
873 755 962 825 unte
992 756 1180 822 Creuserns
1210 738 1272 823 sua
1302 738 1447 833 musbse
1478 759 1614 825 videtur
1646 762 1682 821 in
1713 761 1926 841 antiquorum

192 881 395 965 populorum
426 877 634 964 mythologie
654 875 1052 963 T.11.pag.962sqq.‚
1083 878 1119 936 in
1140 875 1290 964 Iguvinis
1312 878 1452 958 tabulis,
1482 878 1668 942 Passerium
1689 886 1838 955 secutus,
1869 874 1926 940 de·
2008 927 2010 930 Α

189 994 402 1083 prehendisse
416 1016 460 1071 ¹se
494 998 599 1084 fassus
631 1003 699 1071 est,
727 991 898 1069 Ser-itu,
925 993 1039 1072 Satn,
1071 991 1242 1080 septas,
1273 995 1431 1076 Arsite,
1463 988 1619 1075 Vous'e,
1651 993 1773 1073 Avia,
1806 994 1925 1077 quibus

190 1115 342 1193 omnibus
369 1114 476 1177 tutela
502 1132 661 1202 agrorum
687 1112 897 1189 incubuerit,
932 1110 1329 1192 etbkeruniamem,
1362 1134 1461 1197 quem
1480 1113 1656 1182 Plutonem
1683 1109 1925 1177 destructorem
1984 1135 1988 1144 ·

187 1233 447 1316 interpretatur,
468 1232 498 1292 si
519 1249 537 1290 a
560 1230 654 1294 Sata
673 1249 699 1291 s.
722 1228 855 1317 Segetia
875 1227 1083 1310 discesseris,
1105 1231 1193 1294 nulli
1214 1234 1350 1305 omnino
1371 1242 1457 1294 sunt

190 1415 195 1423 ,
238 1417 240 1421 ,
268 1425 271 1430 ,
354 1352 406 1416 31.
436 1349 615 1441 Perperam
634 1347 725 1412 idem
746 1346 908 1427 credidit,
930 1346 1077 1411 Umbros
1094 1349 1131 1410 in
1152 1347 1291 1414 deorum
1313 1349 1406 1412 cultu
1426 1369 1465 1412 ac
1485 1348 1703 1436 religionibus
1724 1347 1925 1411 omniafere

189 1487 266 1530 cum
286 1469 434 1529 Etruscis
466 1469 654 1529 communia
684 1467 855 1530 habuisse:
890 1486 935 1529 ne
964 1469 1072 1547 enim,
1103 1469 1184 1550 quia
1215 1467 1356 1532 obscura
1385 1477 1462 1531 sunt
1492 1468 1600 1532 multa
1630 1464 1770 1528 deorum
1790 1465 1925 1527 nomina

188 1595 288 1666 atque
321 1584 443 1647 absona
474 1584 514 1646 ab
546 1584 634 1664 illis,
665 1585 785 1668 quibus
806 1585 1033 1660 Romanorum
1062 1588 1201 1650 numina
1231 1586 1334 1673 vulgo
1366 1586 1578 1663 colebantur,
1618 1585 1717 1669 plane
1748 1581 1924 1647 dissimilar

187 1712 341 1787 putemus
372 1704 553 1790 religiones
584 1703 777 1782 Umbricas,
818 1706 1085 1782 meminerimus,
1118 1703 1275 1790 lgurvinas
1299 1702 1433 1791 ¹tabulas
1465 1700 1507 1766 ad
1536 1703 1751 1767 lustrationes
1782 1699 1924 1762 maxime
2022 1705 2028 1716 “

185 1829 354 1903 spectare,
386 1822 423 1882 in
455 1819 575 1902 quibus
606 1817 695 1902 apud
716 1820 877 1884 Romanos
908 1840 976 1883 non
1006 1791 1116 1882 minus
1148 1822 1305 1885 inusitata
1337 1820 1476 1886 deorum
1505 1821 1643 1885 nomina
1669 1820 1837 1906 leguntur.
1879 1814 1926 1881 Ut

186 1946 315 1999 taceam
346 1935 386 1999 de
417 1938 556 2000 infinitis
587 1936 727 2000 deorum
757 1938 967 2017 nominibus,
1006 1937 1342 2020 quibustdrnobius,
1376 1940 1582 2026 Augustinus
1603 1936 1640 2002 (l.
1662 1935 1704 1998 D.
1727 1935 1790 2014 IV,
1811 1935 1833 2000 8
1853 1953 1923 2017 sqq,

186 2054 313 2137 aliique
339 2057 529 2140 scriptores
542 2056 758 2119 ecclesiastici
777 2055 939 2135 irrident,
972 2055 1037 2119 hoc
1057 2066 1186 2122 tantum
1208 2061 1396 2141 proferam,
1425 2056 1516 2141 quod
1536 2056 1675 2121 Servius
1694 2053 1738 2118 ad
1758 2052 1857 2140 Virg.
1881 2049 1921 2114 G.

184 2170 213 2251 I,
235 2171 286 2236 21.
309 2176 498 2237 annotavit:
522 2173 664 2253 „Fabius
685 2173 800 2236 Pictor
820 2173 881 2237 hos
902 2172 981 2237 deos
1002 2185 1192 2254 enumerat,
1224 2194 1308 2259 quos
1328 2178 1463 2242 invocat
1482 2178 1620 2255 ttamen,
1640 2193 1774 2239 sacrum
1785 2168 1924 2234 Cereale

184 2290 310 2352 faciens
331 2290 466 2352 Telluri
487 2300 521 2353 et
541 2289 675 2354 Cereri:
699 2290 960 2372 Vervactorem,
983 2292 1238 2378 Reparatorom,
1265 2294 1538 2380 Imporcitorem,
1566 2294 1764 2370 Insitorem,
1798 2288 1923 2352 Obare-

185 2415 314 2484 torem‚
338 2407 553 2487 Occatorem,
574 2407 798 2489 Sarritorem,
820 2409 1158 2492 Subruncinatorem,
1172 2412 1382 2494 Memorem,
1411 2412 1671 2490 Convectorem,
1694 2406 1922 2482 Conditorem,

53 2616 56 2620 Δ
183 2520 455 2586 Promitorem:“
486 2545 571 2608 qnae
601 2523 736 2608 quidem
768 2531 967 2615 cognomina
998 2532 1109 2611 potius
1145 2533 1243 2594 unius
1275 2530 1347 2609 dei,
1387 2553 1487 2614 quam
1517 2532 1667 2614 plurium
1698 2525 1921 2601 diversorum,

184 2641 286 2712 fuisse
318 2652 409 2704 recte
442 2654 554 2707 censet
572 2642 863 2732 spangenbergius
896 2645 1136 2731 l.1.pag.76.
1190 2642 1236 2706 At
1264 2648 1301 2710 in
1323 2645 1592 2709 monstratrum
1610 2643 1805 2719 Arvalium,
1837 2655 1922 2721 quae

184 2757 472 2847 spangenbergius
503 2759 651 2825 nondum
682 2770 841 2839 noverat,
875 2759 1025 2824 diversos
1057 2763 1136 2826 deos
1165 2761 1283 2840 habes,
1316 2784 1419 2846 quum
1448 2766 1606 2828 victimae
1633 2764 1748 2828 variae
1768 2762 1922 2823 ferantur

181 2875 267 2939 Jano
288 2877 399 2955 Patri,
419 2879 517 2956 lori,
538 2878 808 2959 Marti,.Junoni
830 2876 919 2940 deae·
931 2877 1035 2957 Diae,
1057 2881 1128 2945 sive
1149 2878 1211 2945 deo
1231 2883 1304 2945 sive
1325 2880 1423 2963 deae,
1450 2884 1639 2972 virginibus
1660 2880 1766 2960 diris,
1787 2877 1921 2942 famulis

182 2990 288 3070 divis,
319 2992 482 3072 Laribus,
514 2997 616 3058 matri
639 2994 786 3074 Larum,
817 2996 931 3074 Fonti,
961 2996 1097 3076 Florae,
1128 2998 1270 3078 Vestae,
1302 2999 1425 3066 Vestae
1445 3004 1565 3081 matri,
1594 2994 1920 3075 suamndolcntm,

184 3107 456 3190 Commolendae,
490 3111 717 3211 Deferundae,
751 3111 994 3199 Coinqnendae.
1050 3113 1160 3179 Addas
1178 3117 1233 3180 his
1252 3117 1404 3184 eGellio
1432 3113 1527 3194 XIII,
1548 3123 1599 3186 22.
1632 3121 1742 3184 Luam
1770 3115 1920 3192 Saturni,

181 3223 346 3289 Salaciam
368 3227 533 3313 Neptuni,
567 3230 696 3295 Horam
727 3231 882 3313 Quirini,
915 3233 1042 3298 Jurites
1068 3234 1223 3317 Quirini,
1255 3235 1383 3317 Maiam
1412 3238 1575 3317 Volcani,
1607 3238 1746 3300 Heriem
1767 3233 1919 3334 lunonis,
2036 3281 2039 3286 -

180 3342 291 3407 Molas
311 3344 453 3425 Martis,
486 3346 668 3412 Nerienem
688 3349 819 3413 Martis.
876 3350 986 3433 Quum
1006 3371 1088 3416 vero
1114 3372 1157 3417 ex
1176 3356 1238 3433 iis,
1270 3374 1358 3438 quae
1377 3355 1505 3443 Gellius
1526 3360 1641 3436 offen,
1673 3363 1845 3441 appareat,
1878 3369 1920 3413 ne

181 3459 336 3523 Romanis
358 3461 492 3546 quidem
512 3476 721 3550 compertum
742 3469 863 3547 fuisse,
885 3467 1051 3552 quomodo
1071 3468 1230 3537 Nericnis
1250 3493 1372 3538 nomen
1390 3474 1690 3561 pronuntiandum,
1721 3469 1919 3537 flectendum

180 3587 280 3661 atque
312 3582 598 3667 interpretandum
629 3588 691 3664 sit,
717 3605 821 3650 >nemo
852 3606 906 3649 me
936 3584 1123 3652 doctiorem
1152 3611 1222 3658 esse
1252 3593 1337 3677 velit
1367 3596 1404 3656 in
1436 3593 1639 3680 explicandis
1658 3593 1827 3656 Umbricis
1857 3608 1917 3651 no·
1962 3624 1965 3635 ·
2081 3623 2087 3630 ·

180 3696 335 3761 minibus.
