4364 5754
223 749 322 824 utque
341 733 474 800 Umbris
502 730 735 799 cumGraecis
756 733 945 796 communia
964 734 1120 814 fuerunt,
1152 736 1337 818 antiquitus
1360 737 1500 815 mileto,
1531 754 1637 819 neque
1662 736 1769 800 serim
1793 736 1832 798 in
1855 754 1961 799 nsum

221 864 355 941 recepta
373 847 520 939 putanda
538 852 614 916 sint.

383 973 415 1038 d.
440 968 545 1034 ⁴Sunt
563 977 675 1033 autem
697 969 801 1054 prisci
822 965 955 1048 Graeci,
975 987 1120 1051 quornm
1141 973 1402 1060 consanguineos
1423 970 1566 1036 Umbros
1585 981 1681 1057 puto,
1703 970 1745 1036 ab
1756 970 1960 1034 Hellenibus

221 1090 360 1156 serioris
381 1091 516 1167 aetatis,
545 1089 584 1158 in¹
603 1106 687 1171 qnos
707 1087 847 1151 illorum
867 1106 988 1150 nomeu
1009 1108 1070 1173 per
1090 1087 1254 1153 Romanos
1275 1089 1409 1154 demum
1428 1092 1579 1169 transiit,
1605 1090 1688 1154 bene
1708 1087 1958 1178 distinguendis

221 1204 502 1294 queamdmodum
521 1206 612 1268 euim
632 1204 813 1268 Umbricus
833 1217 943 1269 sermo
955 1213 1027 1292 'per
1046 1209 1160 1271 varios
1181 1228 1276 1272 casus
1295 1211 1344 1272 sic
1364 1211 1559 1273 immutatus
1579 1217 1646 1284 est,
1677 1216 1716 1271 nt
1740 1208 1855 1293 plures
1876 1204 1960 1270 iude

221 1334 439 1392 umcerentur
459 1323 596 1389 dialecti
616 1326 718 1412 magis
739 1327 909 1413 magisque
930 1324 1091 1404 diversm,
1113 1328 1223 1411 prisca
1234 1326 1440 1391 Graecorum
1459 1327 1611 1411 inEpiro
1631 1326 1749 1414 lingna
1769 1344 1832 1411 per
1850 1345 1960 1412 popu-

189 1518 192 1524 ,
222 1448 273 1512 los
293 1443 448 1510 Helladis
470 1453 540 1509 tam
561 1446 654 1508 varie
673 1446 804 1509 exculta
824 1455 897 1540 est,
920 1455 1047 1508 utnon
1067 1444 1257 1538 mirandum
1276 1447 1339 1527 sit,
1371 1444 1462 1532 quod
1481 1444 1615 1511 tandem
1635 1444 1775 1509 Graecis
1795 1444 1960 1508 barbarae

221 1564 420 1632 viderentur
448 1562 599 1651 linguae,
630 1582 714 1646 quae
740 1566 925 1648 antiquitus
953 1582 1021 1626 non
1045 1566 1149 1652 magis
1177 1562 1391 1644 differebant,
1424 1585 1523 1649 qsmm
1549 1567 1621 1651 ipsa
1648 1564 1805 1629 Romana.
1847 1562 1960 1625 Etim

222 1683 396 1748 Titinnius
416 1678 505 1768 apud
530 1681 662 1746 festum
682 1693 836 1747 auctores
856 1682 1090 1747 Atellanarum
1111 1682 1319 1762 fabularum,
1351 1691 1413 1768 per
1439 1703 1521 1768 quas
1548 1679 1731 1746 seeundum
1756 1677 1959 1745 Strabonem

223 1801 356 1883 VM
371 1821 446 1889 pag
438 1803 529 1869 ..233
552 1798 612 1864 din
631 1800 756 1867 Romae
776 1803 888 1890 vigunt
899 1803 1064 1868 Oscorum
1085 1802 1211 1890 lingna,
1232 1803 1439 1887 postquam
1426 1822 1464 1865 an
1484 1803 1556 1888 ipsa
1565 1799 1748 1885 Campania
1767 1799 1958 1875 interierat,

223 1921 288 1986 hoc
308 1939 409 1985 versu
430 1917 564 1984 derisit.
762 1946 767 1958 ·
944 1951 948 1959 -

470 2036 575 2119 Odere
593 2046 629 2100 et
653 2037 768 2103 Volsca
787 2037 997 2102 fabulantur.
1019 2058 1096 2103 nam
1115 1968 1237 2106 Latiae
1255 2041 1418 2106 nmeium.

94 2195 97 2200 -
225 2157 468 2222 Verumtamen
487 2155 713 2242 illialinguts,
734 2166 774 2219 nt
794 2154 956 2219 Martiani
977 2154 1133 2243 Capellae
1152 2158 1267 2224 verbis
1286 2164 1381 2238 utar,
1403 2166 1473 2221 tam
1491 2157 1705 2236 coniunctam
1726 2155 1960 2244 cognationem

225 2295 302 2340 cum
321 2274 444 2338 muna
464 2269 558 2336 dedit
577 2279 715 2351 natu'ra,
745 2282 871 2336 utnon
898 2275 1007 2335 minus
1027 2275 1128 2337 facile
1155 2276 1446 2364 intelligerentur,
1478 2295 1578 2358 quam
1599 2274 1775 2352 Umbrica,
1808 2273 1840 2336 si
1859 2273 1960 2359 plura

223 2393 321 2458 nobis
341 2390 513 2476 deprisco
538 2390 741 2455 latinorum
765 2411 919 2456 sermone
947 2394 1187 2471 innotuissent,
1218 2412 1319 2476 qnam
1346 2411 1429 2475 quaa
1455 2393 1569 2456 Festus
1597 2411 1639 2454 ex
1666 2392 1795 2455 Verrio
1826 2390 1959 2472 Flacco,

222 2510 356 2577 Natus
380 2508 582 2589 Mmllus,
614 2509 740 2592 aliique
767 2516 1044 2573 commentatores
1079 2520 1179 2595 atque
1198 2510 1419 2597 'grammafici
1445 2518 1576 2572 veteres
1604 2509 1826 2592 reliquerunt.
1869 2507 1959 2572 Nam

222 2632 350 2695 uirum
370 2637 431 2708 est,
451 2629 489 2690 in
509 2637 668 2711 quantum
688 2629 761 2714 ipsa
780 2629 902 2692 Latina
922 2628 1038 2716 lingua
1057 2629 1232 2714 paullatim
1251 2630 1428 2691 immutata
1447 2629 1502 2692 sit.
1527 2625 1605 2690 lam
1614 2625 1958 2710 Polybimlllm,

223 2751 371 2834 primum
390 2743 507 2810 foedus
527 2747 618 2810 inter
637 2744 801 2809 Romanoa
822 2755 857 2808 et
877 2743 1165 2835 Carthaginienses
1194 2749 1307 2811 statim
1332 2755 1408 2831 post
1434 2760 1531 2834 reges
1558 2754 1691 2810 exactos
1716 2746 1825 2809 ictum
1854 2747 1960 2808 inter·

224 2877 369 2954 precans,
389 2862 432 2928 de
451 2865 575 2928 vetoris
596 2864 732 2952 linguae
741 2865 882 2927 Latinae
902 2861 1125 2948 discrepantia
1146 2867 1311 2948 queritur,
1343 2882 1429 2948 quse
1448 2873 1542 2928 mnes
1560 2865 1674 2944 fuerit,
1694 2873 1734 2927 ot
1752 2864 1806 2928 vel
1826 2864 1960 2947 peritis·

223 2986 303 3048 simi
318 2981 480 3047 nonnulla
500 3001 611 3070 aegre
626 2982 685 3045 ubi
705 2984 816 3045 minus
836 2980 1050 3064 attenderint,
1072 2983 1249 3065 explanare
1269 2983 1456 3067 quiveriutr
1477 2990 1577 3065 atque
1598 2978 1878 3065 quemadmodum
1887 2980 1960 3046 Ho-

224 3107 332 3169 ratius
351 3102 456 3187 Epist.
477 3099 619 3182 11,1,86
639 3121 687 3185 sq.
707 3100 808 3165 illum
829 3099 979 3181 deridet,
1005 3104 1064 3186 qui
1083 3099 1222 3165 Saliare·
1234 3099 1366 3165 Numae
1385 3119 1536 3180 carmem
1568 3098 1659 3185 quod
1678 3110 1798 3164 mcum
1813 3102 1960 3189 ignoret,

225 3221 315 3287 solus
335 3220 421 3285 velit
439 3220 526 3282 scire
546 3208 668 3298 videri,
689 3222 739 3283 sic
760 3217 850 3305 apud
868 3218 1137 3285 Membrana.
1160 3221 1232 3300 1,’3
1252 3219 1413 3300 Avienus,
1434 3221 1592 3308 congerie
1609 3217 1751 3302 quadam
1770 3219 1962 3304 priscorum

226 3339 408 3404 verborum
429 3357 449 3398 a
469 3334 591 3400 Servio
611 3339 713 3410 lacta:
745 3335 899 3416 »carina
921 3338 1044 3423 inquit,
1066 3348 1100 3403 et
1118 3339 1292 3403 Fabricius
1312 3347 1347 3402 et
1368 3336 1606 3412 Coruncanius,
1630 3337 1855 3420 antiquissimi
1873 3337 1960 3414 virt,

229 3457 302 3522 »vel
323 3457 423 3519 etiam
444 3453 497 3514 lais
518 3455 722 3536 antiquiores
736 3454 873 3517 Horatii
894 3456 949 3516 illi
970 3457 1155 3542 trigemini,
1175 3455 1273 3541 plane
1293 3475 1333 3519 ac
1347 3453 1501 3520 'dilucide
1522 3475 1599 3519 cum
1620 3456 1697 3517 suis'
1709 3455 1848 3520 fabulati
1867 3463 1959 3535 sunt3

227 3593 354 3659 »nequa
372 3572 612 3637 Auruncorum
631 3581 690 3634 ant
708 3568 908 3634 Sicanorum
927 3572 1230 3662 autPelasgorum,:
1246 3575 1305 3657 qui
1324 3576 1428 3659 primi
1449 3574 1591 3638 coluisse
1609 3573 1768 3650 initalia
1787 3572 1960 3653 dicuntur,

227 3692 304 3761 »sed
323 3693 441 3757 astatis
461 3709 540 3755 suae
559 3689 672 3756 verbis
692 3690 887 3753 utebantur:
919 3699 959 3755 tn
984 3700 1096 3755 antem
1123 3688 1263 3776 perinde
1290 3695 1386 3776 quasi
1406 3712 1483 3756 cnm
1510 3701 1618 3757 mame
1637 3689 1787 3756 Evandri
1806 3692 1960 3776 loquare,
1977 3733 1983 3743 a

228 3815 298 3880 svis
318 3811 415 3876 nobis
434 3810 539 3875 amba
558 3809 715 3874 multis
704 3828 772 3889 Jam
799 3809 920 3873 seculis
941 3809 1121 3874 obliterata
1141 3828 1313 3875 revocare.
1317 3822 1363 3864 ί
1358 3810 1469 3878 Hinc
1488 3809 1608 3874 Paulus
1627 3810 1722 3879 Diae.
1745 3811 1882 3876 erasto
1903 3830 1962 3874 ex·

228 3931 368 4014 carpsit.
403 3923 541 3993 »Latine
568 3927 662 4012 loqui
683 3947 704 3990 a
722 3928 824 3993 Latio
847 3926 1059 3994 dictumest:
1092 3948 1176 4068 quae
1196 3929 1325 3994 locutio
1345 3926 1429 3994 adeo
1450 3937 1513 3993 est
1520 3947 1632 4006 versa,
1656 3930 1775 3993 utrix
1795 3929 1869 3994 ulls
1883 3927 1961 4009 'sius

230 4064 326 4128 »pars
345 4055 477 4110 meat
496 4047 541 4110 in
551 4048 738 4111 nordana<
1330 4077 1331 4081 κ

286 4219 289 4222 ,
323 4212 326 4218 .
390 4166 423 4229 o
467 4160 594 4244 Quodsi
615 4162 795 4228 Umbricus
815 4183 926 4229 sermo
954 4164 1080 4228 similes
1101 4167 1172 4230 iere
1192 4167 1441 4234 immutationes
1462 4092 1617 4252 expertos
1638 4173 1701 4243 est,
1720 4161 1813 4246 quid
1822 4164 1959 4245 mirum,

226 4279 317 4369 quod
335 4300 356 4346 a
375 4281 515 4358 batim,
547 4299 646 4364 quem
665 4301 725 4346 nos
746 4284 929 4347 etiamnum
947 4285 1120 4361 novimus,
1152 4282 1236 4348 adeo
1263 4282 1446 4369 discrepet,
1478 4293 1520 4348 ut
1538 4284 1596 4348 vel
1624 4302 1754 4348 summe
1780 4283 1960 4370 sagacitate

226 4398 398 4466 interdum
418 4400 572 4484 exputari
592 4410 734 4482 nequeat
753 4401 937 4467 verborum
965 4418 1095 4481 sensus,
1126 4405 1323 4486 praesertim
1351 4411 1453 4487 quum
1474 4402 1643 4489 Iguvinee'
1660 4396 1960 4486 inscriptionesjad

227 4540 281 4584 res
302 4525 412 4583 moras
432 4519 633 4603 pertineant,
654 4539 738 4602 quae
758 4530 905 4604 propter.
917 4523 1053 4585 amissos
1074 4533 1188 4587 omnes
1198 4520 1424 4585 Romanorum
1443 4520 1550 4584 libros
1565 4521 1704 4585 rituales
1722 4517 1960 4589 valdeobson·

228 4657 286 4702 rae
306 4646 395 4717 sunt
416 4651 531 4720 neque.
543 4656 584 4703 ex
605 4636 840 4702 ecclesiasticis
859 4641 1345 4729 scriptoribus,.qui-gentinm
1364 4635 1960 4727 religiouea·memineront,·.'l'ertolv

228 4754 330 4834 liano,
350 4752 514 4833 Arnobio,
534 4755 723 4830 lacunato,
737 4750 932 4842 ¹Augustino
952 4766 988 4821 et
998 4758 1221 4842 Hieronymo,
1242 4761 1321 4823 satis
1341 4759 1433 4827 lauis
1447 4759 1634 4843 accipiuntz
1655 4759 1692 4821 iu
1713 4757 1959 4841 quibus'iuter,

228 4869 398 4956 precandis
419 4880 602 4957 promtus,
625 4882 665 4939 nt
683 4869 875 4957 synnami
883 4875 994 4969 Epist..
1001 4877 1063 4957 111,
1074 4879 1126 4947 tl.
1137 4876 1249 4944 ambis
1266 4888 1357 4959 nter,
1378 4895 1509 4959 necesse
1526 4887 1602 4965 aso
1612 4885 1651 4942 ut
1668 4878 1708 4941 in
1723 4873 1837 4941 verbe
1848 4875 1958 4960 prisca
