4364 5754
590 1011 602 1049 l

673 1339 678 1349 ι
750 1214 1215 1308 rarescere
1292 1211 1433 1303 mr.

247 1358 266 1403 N

378 1439 517 1547 Res
562 1447 946 1598 tractatas·
989 1447 1390 1553 summatim
1443 1448 1809 1581 repetens.

969 1709 1216 1721 affl-

403 1906 431 1968 1.
473 1869 519 1973 J
519 1922 573 1966 am
594 1903 775 1971 Cluverius
801 1917 893 1972 recte
911 1927 977 1993 pro
997 1918 1091 1973 certo
1112 1908 1308 1988 affirmarit,
1335 1927 1438 1971 unam
1463 1904 1665 1990 eandemque
1685 1905 1787 1968 tuisse
1814 1911 1958 1990 gentem,
2096 1934 2100 1941 -

231 2020 289 2103 qui
310 2021 414 2083 variis
433 2020 686 2106 appellarentur
706 2026 908 2105 nominibus,
934 2022 1094 2107 Ausones,
1125 2023 1307 2106 Aunnseos,
1336 2028 1447 2092 Oscos.
1489 2025 1606 2089 Testes
1625 2032 1702 2087 eunt
1721 2019 1872 2099 Servius,
1903 2017 1961 2101 qui

229 2135 271 2201 ad
293 2137 391 2225 Virg.
414 2138 454 2204 A.
477 2137 556 2219 VII,
569 2142 640 2206 72⁷.
664 2145 856 2224 annotavit,
880 2141 1056 2211 Auruncos
1077 2144 1207 2210 Graece
1226 2143 1374 2213 Ausones
1394 2145 1584 2222 nominari,
1609 2151 1645 2206 et
1661 2138 1880 2217 Aristoteles,
1900 2136 1960 2220 qui

229 2257 265 2318 tn
286 2256 509 2322 uouucomm
529 2258 618 2323 utro
639 2259 718 2340 vn,
731 2265 761 2328 s.
783 2265 937 2348 ,cupam
958 2255 1083 2331 ’urea
1103 2262 1143 2332 ot
1160 2261 1200 2331 ve
1220 2261 1281 2348 μὲν
1305 2259 1393 2349 πρὸς
1411 2259 1471 2348 τὴν
1493 2253 1680 2349 Τνὸρηνίαν
1697 2250 1878 2336 Ὀπικοὶ.
1905 2249 1961 2319 καὶ

229 2367 392 2462 πρότερον
412 2372 471 2441 καὶ
489 2377 544 2442 νῦν
564 2370 762 2461 καλούμενοι
782 2375 842 2467 τὴν
862 2375 1055 2465 ἐπωνυμίαν
1074 2380 1275 2463 Αὔσονες.
1317 2379 1416 2444 Idem·
1430 2377 1612 2444 secundum
1628 2376 1825 2441 Strabonem
1837 2373 1960 2452 V,4,3.

229 2512 306 2581 pag.
327 2496 399 2560 242.
431 2492 616 2559 Antiochus
635 2494 865 2579 Syracusanus
885 2500 1130 2578 affirmaverat,
1160 2501 1411 2583 antiquissimus
1437 2498 1598 2561 Italarum
1625 2512 1740 2558 rerum
1760 2501 1896 2570 auotor;
1927 2500 1962 2553 at

229 2592 327 2675 nemo
348 2613 420 2677 fere
440 2611 538 2693 vidit,
560 2612 707 2695 ejusdem
724 2618 840 2700 stirpis
861 2617 962 2681 tuisse
977 2615 1110 2700 Umbros
1120 2611 1156 2682 et
1164 2614 1378 2701 Aborigines,
1403 2633 1485 2700 quos
1493 2611 1664 2678 Hesiodus
1679 2613 1715 2675 in
1726 2609 1959 2698 Theop-1⁰13.

227 2726 367 2812 Agens
387 2739 485 2814 atque
504 2727 659 2795 Latinum
680 2734 801 2796 iratres
816 2729 912 2796 dixit.
943 2734 1020 2797 Hoc
1040 2745 1152 2799 mmen
1171 2755 1239 2799 non
1260 2735 1370 2799 solnm
1380 2731 1588 2797 Graecorum
1608 2726 1845 2818 mythoprephi
1864 2735 1964 2810 atque

227 2846 432 2934 Quamuis
460 2868 544 2931 quae
565 2858 704 2928 exstant,
733 2849 909 2933 reliquiae,
937 2849 995 2914 sed
1015 2853 1087 2938 ipsa
1107 2861 1272 2918 testantur
1291 2853 1435 2916 nomina.
1480 2845 1765 2933 Quemadmodum
1785 2847 1875 2910 enim
1894 2838 1964 2911 Aa

229 2967 324 3030 rusci
343 2966 438 3048 quasi
457 2961 614 3032 Anates·
634 2965 675 3030 ab
696 2963 884 3035 Ausonides
903 2972 1016 3032 vocati
1037 2980 1127 3051 sunt,
1152 2973 1203 3035 sic
1222 2968 1372 3038 Ausones
1392 2972 1484 3055 quasi
1504 2965 1653 3036 Ausones
1672 2968 1713 3031 ab
1733 2963 1859 3043 Acriis,
1880 2979 1962 3046 quos

228 3084 408 3147 Eoearnm.
422 3092 543 3147 auctor
568 3082 751 3148 secundum
772 3084 1016 3170 Apollodorum
1045 3086 1158 3169 1‚t,2.
1182 3088 1228 3167 ΙΙ,
1238 3091 1271 3168 5,
1282 3088 1313 3154 t.
1337 3085 1475 3176 Giganti
1502 3096 1535 3151 et
1562 3083 1747 3163 Centauro,
1775 3081 1831 3155 psl
1849 3079 1962 3166 potius

229 3198 413 3265 seeundum
430 3200 620 3264 Homerum
647 3199 746 3268 Iliad.
769 3200 866 3282 xlv,
879 3208 949 3271 117.
969 3205 1104 3269 ⁴Aetolo
1126 3205 1231 3270 Oenei
1256 3208 1355 3270 fratri
1380 3206 1592 3293 cognomines
1619 3200 1710 3282 iecit,
1739 3199 1859 3264 Umbri
1878 3212 1962 3262 vero

230 3339 270 3384 ex
291 3319 427 3406 linguae
447 3339 528 3382 suae
547 3317 680 3398 indole,
701 3340 768 3402 qua
781 3322 919 3384 'uocales
940 3343 961 3385 o
980 3332 1015 3386 et
1035 3344 1054 3388 o
1076 3326 1166 3388 inter
1186 3314 1221 3388 se
1241 3324 1429 3410 permutari
1449 3322 1612 3402 solebant,
1642 3317 1806 3409 Othac
1831 3332 1962 3400 quoque

134 3497 136 3501 ,
229 3436 285 3501 vel
309 3431 495 3523 ,ΟΕρικος
520 3437 691 3521 appellare
711 3440 904 3522 potnerunt,
933 3437 1023 3503 unde
1043 3431 1299 3530 tam'‘0p,‘lpos
1317 3445 1389 3506 sive
1406 3434 1590 3529 Ὀμβρικοὶ,
1622 3438 1723 3525 wem
1740 3430 1872 3503 'maol
1891 3436 1964 3498 sive

220 3545 341 3620 ”Oaros
356 3553 476 3632 (Obesi
495 3553 676 3619 secuudum
697 3556 843 3637 Festum)
864 3576 986 3622 nomen
1007 3562 1146 3624 traxim
1167 3560 1336 3626 videntur.
1379 3559 1425 3625 At
1444 3557 1654 3644 Aborigines,
1679 3577 1762 3642 quos
1781 3550 1964 3619 seeundum

229 3678 369 3741 Livium
381 3677 458 3757 ,1,1.
486 3678 613 3743 Aeneas
633 3699 710 3743 cum
731 3679 890 3760 Troianis
917 3683 1041 3744 mixtos
1065 3678 1206 3746 Latinos
1233 3681 1416 3766 appellasse
1446 3677 1588 3756 dicitur,
1619 3696 1725 3759 neque
1756 3675 1798 3738 ab
1827 3667 1963 3760 ipsos,

230 3793 320 3880 quod
341 3794 481 3877 Graeci,
503 3817 610 3882 neque
631 3798 672 3862 ab
693 3801 840 3890 origine,
861 3798 951 3883 quod
972 3799 1130 3878 Romani,
1151 3817 1260 3882 neque
1279 3797 1320 3865 ab
1341 3796 1496 3876 errando,
1523 3791 1613 3879 quod
1633 3789 1814 3856 secundum
1834 3787 1963 3870 Diony·

229 3915 316 3976 sium
331 3913 659 3977 Halicarnassensem
679 3916 835 3978 nonnulli
856 3917 943 3978 male
958 3917 1205 3995 existimarunt,
1228 3914 1286 3979 sed
1298 3917 1392 3999 quasi
1410 3909 1685 4001 Ἀβοριγενεῖς
1694 3912 1777 3972 *sive
1797 3906 1839 3972 ab
1848 3904 1964 3972 stau

230 4031 362 4095 offendi
382 4033 546 4094 nominati
567 4030 832 4096 esse'videntur.
877 4030 974 4096 Unde
1004 4032 1187 4097 Abriorum
1213 4033 1269 4097 vel
1295 4034 1479 4096 duriorum
1510 4048 1630 4093 nornen
1661 4025 1880 4092 derivandum
1906 4027 1962 4104 sit,

229 4160 298 4212 no'n
319 4147 453 4231 quidem
473 4150 597 4232 liquet3
629 4147 687 4214 sed
707 4150 829 4238 Agrios
850 4148 981 4215 eosdem
1001 4155 1148 4236 potuisse
1173 4153 1309 4230 vocari,
1341 4147 1466 4216 Auno
1492 4168 1613 4213 nomen
1633 4148 1674 4211 ab
1695 4145 1888 4210 Acherunte
1906 4141 1964 4206 de·

229 4264 375 4330 ductnm'
386 4263 496 4330 docet
530 4266 674 4331 Umbros
691 4279 782 4332 certe
803 4270 843 4332 ab
865 4258 981 4356 ὄμβρῳ
1001 4270 1186 4355 appellatos
1206 4289 1287 4350 esee,
1308 4268 1436 4332 Plinius
1457 4269 1553 4332 nobis
1574 4286 1641 4330 non
1661 4240 1961 4352 maginpersuadet,

223 4405 327 4470 quam
349 4385 594 4481 recentioribus
622 4384 813 4466 credimus,
837 4390 896 4471 qui
914 4380 1072 4466 Ὀπικοὺς
1100 4389 1141 4451 ab
1169 4389 1241 4474 Ope
1270 4390 1547 4473 interpretantur.
1590 4386 1709 4450 Omnia
1736 4382 1797 4443 illa
1826 4380 1962 4443 nomina

230 4503 380 4588 eiusdem
400 4505 513 4589 potins
534 4505 636 4569 tuisse
657 4506 815 4592 originis,
830 4503 908 4568 inde
929 4508 1098 4588 conjicere
1118 4507 1210 4586 licet,
1232 4505 1323 4590 quod
1339 4505 1472 4592 populis
1493 4498 1775 4589 quoque'eandem
1795 4499 1961 4586 originem

230 4621 394 4688 dederunt
413 4620 620 4686 Graecorum
640 4621 887 4711 mythopraphi.
1716 4653 1721 4661 ·

393 4744 434 4806 2.
468 4738 659 4805 Secundum
679 4761 736 4821 ea,
765 4762 849 4826 quae
870 4742 993 4806 Paulus
1018 4743 1187 4809 Diaconos
1207 4760 1227 4807 e
1246 4744 1344 4809 Festo
1365 4742 1561 4827 excerpsit,
1577 4738 1759 4805 Ausoniam
1779 4733 1960 4821 appellavit

228 4855 354 4940 Aaron,
374 4859 483 4924 Ulixis
503 4868 537 4923 et
558 4857 718 4946 Calypsus
737 4859 838 4942 iilius,
867 4893 905 4908 -
932 4880 1039 4949 aquo
1065 4862 1233 4930 conditam
1260 4862 1451 4927 Auruncum
1482 4860 1600 4924 urbem
1628 4859 1730 4923 etiam
1763 4852 1894 4933 serunt,
1914 4861 1949 4916 at
