4364 5754
663 1820 1679 1981 Praefatio,

865 2150 1276 2168 -—d—-——-—n—-

384 2387 595 2539 Quamvis
627 2459 743 2532 mult-a
776 2462 851 2551 jam
885 2461 1089 2554 superiores
1133 2459 1329 2553 particulae
1365 2460 1585 2546 contineant,
1612 2442 1721 2552 ⁴quae
1762 2461 1933 2532 omnibus
1987 2520 1991 2524 .

219 2611 367 2705 probari
391 2635 499 2706 posse
525 2611 675 2703 diffido,
712 2610 830 2682 multo
864 2610 970 2704 plura
1003 2622 1122 2682 tamen
1155 2610 1195 2680 in
1228 2608 1303 2680 illis
1337 2607 1487 2698 tabulis,
1526 2632 1614 2703 quas
1647 2607 1736 2678 haec
1760 2609 1934 2702 particula

222 2761 487 2858 complectitur,
520 2773 606 2834 sunt
639 2758 917 2848 inextricabilia,
957 2771 998 2832 ut
1032 2761 1075 2831 ab
1111 2759 1213 2831 omni
1247 2758 1450 2854 explitandi
1482 2758 1644 2856 periculo
1678 2760 1935 2834 abstinendum

223 2915 318 2986 mihi
343 2926 529 3009 putarem,
563 2914 634 2982 nisi
659 2914 804 2982 veniam
834 2922 894 2981 me
919 2912 1200 3005 impetraturum
1225 2910 1464 3002 confiderem,
1499 2912 1597 3007 quod
1603 2963 1615 3002 ,
1649 2935 1740 3007 quae
1770 2911 1936 2986 inchoata
2049 2928 2050 2931 ’

224 3076 321 3153 sunt,
348 3064 607 3160 qualicumque
632 3053 742 3133 modo
768 3028 848 3133 fieri
873 3072 1005 3157 posset,
1041 3061 1212 3157 perficere
1238 3088 1395 3136 conarer.
1447 3064 1550 3135 Hanc
1574 3064 1721 3134 veniam
1746 3027 1868 3136 autem
1894 3090 1936 3136 eo

223 3217 356 3307 majori
381 3241 467 3288 cum
492 3213 626 3286 fiducia
652 3238 790 3308 precor,
817 3238 889 3308 quo
915 3213 1019 3308 plura
1045 3215 1287 3305 invenientur,
1321 3217 1454 3309 quibus
1479 3225 1649 3309 augeatur
1674 3213 1840 3288 Umbrici
1865 3241 1937 3288 aer-

226 3370 348 3441 monis
373 3369 513 3457 notitia,
539 3377 645 3461 atque
670 3365 728 3436 vel
755 3363 1015 3437 confirmentur
1041 3364 1099 3437 vel
1125 3366 1364 3439 emendentur
1389 3392 1441 3457 ea,
1467 3391 1558 3463 quae
1582 3368 1684 3461 prius
1710 3367 1749 3437 in
1774 3367 1940 3439 medium

226 3519 374 3615 protuli.
427 3520 471 3592 In
497 3517 625 3589 multis
652 3519 751 3589 enim
776 3516 932 3608 tabulae,
959 3541 1050 3612 quae
1075 3517 1191 3629 adhuc
1203 3518 1437 3591 illustrandae
1462 3528 1606 3608 restant,
1632 3519 1826 3610 cumillis,
1853 3544 1941 3614 quas

227 3675 301 3761 jam
327 3673 580 3766 interpretatus
612 3696 708 3761 sum,
745 3657 993 3759 consentiunt,
1032 3671 1096 3742 sed
1133 3672 1362 3765 reperiuntur
1395 3669 1477 3761 alia,
1517 3694 1674 3765 quorum
1708 3670 1763 3741 vis
1797 3670 1942 3742 aliunde
2002 3689 2004 3694 '

229 3823 286 3895 vel
311 3847 459 3918 prorsus
484 3825 723 3916 ignoraretur,
758 3822 817 3892 vel
851 3824 975 3893 minus
1007 3820 1100 3893 clare
1133 3824 1404 3916 perspiceretur.
1456 3792 1629 3912 Accedit,
1661 3821 1758 3915 quod
1789 3823 1829 3893 in
1853 3846 1942 3893 non-

228 3973 342 4045 nullis
366 3976 564 4045 verborum
578 3958 721 4044 dormis
747 3984 821 4044 tam
848 3972 1026 4044 sermonis
1053 3995 1162 4066 quam
1189 3974 1384 4068 scripturae
1408 3976 1560 4046 varietas
1586 3975 1806 4062 observetur,
1841 3998 1943 4069 quae,
2007 3949 2010 3963 Ι

183 4211 184 4214 ¹
230 4149 346 4220 quum
370 4122 514 4235 tabulae
538 4123 679 4195 ibidem
703 4123 776 4194 loci
801 4135 959 4194 exaratae
989 4125 1072 4211 sint,
1099 4124 1252 4196 diversis
1277 4127 1452 4198 aetatibus
1477 4126 1704 4198 attribuenda
1724 4137 1788 4202 est.
1839 4127 1945 4199 Prae-

232 4289 330 4348 terea
354 4275 439 4346 licet
463 4275 580 4346 multa
605 4276 714 4347 verba
740 4286 814 4346 tam
841 4277 992 4347 obscura
1025 4276 1115 4365 sint,
1152 4285 1194 4346 ut
1226 4278 1264 4347 in
1297 4276 1371 4348 illis
1409 4278 1609 4350 enodandis
1642 4279 1721 4372 ipse
1754 4278 1847 4350 mibi
1872 4303 1945 4350 non

234 4427 471 4515 satisfaciam,
507 4428 564 4497 via
589 4438 710 4500 tamen
737 4428 929 4523 aperienda
954 4427 1115 4516 videtur,
1150 4452 1241 4523 qua,
1268 4430 1365 4525 quod
1392 4431 1488 4501 mihi
1512 4430 1677 4503 nondum
1703 4431 1867 4524 contigit,
1903 4432 1947 4502 ab

235 4579 316 4651 aliis
342 4581 457 4674 possit
481 4580 644 4673 reperiri.
695 4580 792 4653 Hinc
818 4605 967 4653 omnem
993 4580 1164 4676 equidem
1190 4605 1337 4676 operam
1363 4584 1458 4675 dedi,
1484 4595 1537 4673 ut,
1562 4593 1738 4679 quantum
1762 4579 1841 4652 fieri
1865 4607 1946 4677 pos
1995 4667 2001 4679 ¹

237 4742 308 4820 set,
343 4733 554 4804 extricarem
580 4732 741 4825 singula,
776 4757 894 4828 neque
927 4734 1011 4805 lacti
1044 4732 1154 4824 hujus
1179 4759 1240 4805 me
1269 4695 1447 4829 poenitet:
1485 4734 1661 4808 nonnulla
1692 4735 1792 4806 enim
1818 4734 1948 4808 clarius

237 4886 418 4980 perspexi,
444 4909 555 4981 quarn
580 4887 682 4981 prius
708 4888 944 4979 conjeceram.
996 4889 1256 4960 Verumtamen
1282 4890 1350 4961 etsi
1374 4890 1544 4986 pleraque
1571 4888 1622 4960 sic
1647 4887 1818 4982 explicari
1843 4880 1949 4984 posse
