4364 5754
983 592 1197 678 --ιςι-ι

218 756 339 822 bebaut
369 762 432 838 per
460 774 500 836 o,
533 772 636 840 quum
668 755 841 842 legeretur
869 773 936 838 per
952 774 975 817 ιι
994 754 1164 833 consul,
1196 754 1286 819 uude
1307 756 1343 817 iu
1364 754 1480 817 multis
1500 754 1602 817 etiam
1630 750 1820 816 nominibus
1840 747 1956 809 variae

216 885 296 940 suut
316 877 523 959 scripturae,
553 881 595 937 ut
621 876 760 937 tontes
781 881 815 936 et
836 876 993 950 fuutss,
1024 870 1199 935 frondes
1232 880 1266 934 et
1286 871 1497 937 fraudere«
1530 870 1618 935 nihil
1640 868 1730 932 alind
1751 865 1830 930 iude
1850 864 1957 947 sequi·

216 1004 293 1071 tur,
327 1012 425 1076 quam
452 991 543 1075 quod
571 990 744 1075 alphabeta
768 994 894 1056 veteris
915 991 1033 1053 Italiae
1053 989 1191 1069 docent,
1221 991 1384 1070 Umbros,
1416 1000 1456 1055 ut
1478 992 1593 1062 Oscos,
1625 988 1815 1051 Tuscorum
1842 981 1955 1046 literis

216 1129 295 1174 usos
315 1130 337 1172 ιι
357 1129 421 1194 pro
442 1130 473 1189 o,
495 1111 662 1174 Romanos
681 1129 765 1174 vero
786 1129 828 1173 ex
848 1111 987 1192 antiqua
1008 1107 1234 1187 Graecorum,
1263 1107 1353 1172 uude
1373 1110 1490 1172 literas
1513 1128 1588 1171 snas
1610 1104 1786 1188 accepire,
1816 1117 1955 1165 consue·

214 1226 331 1293 tudine
362 1247 466 1311 opro
486 1244 510 1290 ιι
528 1229 717 1311 scripsisse,
750 1230 791 1292 ci.
815 1226 978 1291 Priscian.
1010 1247 1042 1310 p.
1064 1228 1135 1291 554.
1178 1227 1227 1289 Eo
1250 1236 1401 1310 tempore
1422 1245 1524 1305 vero,
1556 1245 1620 1309 quo
1641 1224 1803 1312 Iguviuee
1824 1219 1955 1283 tabulae

214 1347 457 1425 exarabantur,
492 1362 561 1409 uon
581 1346 702 1409 Tuscis
723 1343 873 1429 quidem,
906 1343 965 1407 sed
985 1346 1117 1407 Latinis
1139 1346 1247 1408 literis
1267 1365 1288 1408 o
1309 1353 1343 1409 et
1362 1364 1403 1423 ιι,
1436 1345 1518 1408 licet
1544 1364 1642 1427 saepe
1669 1345 1956 1426 permutarentur,

150 1538 157 1551 Ι
213 1460 381 1549 distingui
406 1468 476 1544 jam
504 1464 665 1527 solebant.
714 1464 896 1547 Perperam
917 1465 1026 1550 igitur
1044 1463 1186 1547 Lepsius
1208 1462 1250 1526 de
1269 1464 1358 1527 tabb.
1380 1463 1508 1551 Eugub.
1530 1483 1563 1546 p.
1586 1464 1628 1527 30
1649 1482 1695 1543 sq.
1720 1458 1776 1539 id,
1805 1453 1894 1541 quod
1913 1452 1956 1515 ad

212 1582 403 1665 scripturae
432 1601 537 1670 genua
569 1581 776 1664 pertinebat,
808 1580 850 1644 ad
870 1579 1085 1646 diverwrum
1117 1589 1306 1665 temporum
1339 1581 1651 1665 pronuntiationem
1671 1578 1801 1642 retulit.
1842 1573 1957 1637 Solent

213 1707 325 1761 autem
344 1698 479 1762 vocales
500 1697 683 1762 secundnm
703 1699 793 1762 huuc
814 1698 966 1779 ordinem
987 1700 1081 1763 iuter
1101 1718 1137 1762 ae
1157 1701 1365 1782 permutari:
1388 1703 1410 1777 i,
1432 1720 1460 1774 e,
1481 1720 1513 1780 o,
1536 1720 1567 1777 o,
1590 1718 1623 1778 ιι,
1646 1720 1674 1763 c.
1696 1716 1725 1759 e.
1748 1701 1811 1761 iet
1828 1715 1845 1755 e
1865 1710 1956 1757 trax

104 1868 111 1881 .
212 1824 248 1880 et
268 1816 497 1902 eremeliae
518 1825 553 1880 et
574 1819 800 1903 aldamum
820 1827 854 1880 et
875 1818 1097 1889 uanitate
1119 1824 1154 1879 et
1174 1825 1305 1896 etuto,
1324 1819 1435 1881 tasis
1457 1825 1491 1880 et
1512 1827 1639 1896 tesca,
1661 1816 1763 1899 poni
1784 1821 1818 1876 et
1837 1827 1955 1894 pone.

212 1933 374 2018 Reliquae
395 1934 562 1998 vocalium
593 1935 856 2016 permutationes
877 1953 976 1996 rarae
996 1942 1091 2008 sunt,
1124 1942 1160 1998 et
1178 1934 1376 2018 plerumque
1401 1936 1536 2019 quidem
1564 1938 1600 1998 iu
1622 1933 1767 1999 diversis
1788 1925 1958 1992 scribendi

212 2051 413 2136 generibus,
433 2060 475 2115 ut
494 2072 513 2114 e
533 2059 568 2114 et
587 2072 609 2113 o
628 2053 664 2112 iu
684 2052 858 2116 Fesan
878 2061 913 2116 et
933 2060 1076 2126 ratae,
1106 2073 1128 2114 o
1148 2062 1182 2116 et
1202 2073 1222 2115 o
1244 2054 1279 2114 iu
1300 2049 1525 2137 Πρεστατε
1546 2064 1581 2117 et
1601 2053 1818 2115 Prestoter
1839 2064 1958 2129 namo

212 2176 248 2230 et
267 2168 431 2233 nLatiuis
453 2168 564 2231 literis
585 2171 783 2252 permutari,
805 2189 845 2232 ex
866 2172 1057 2233 aseristu
1077 2179 1113 2233 et
1132 2174 1316 2234 aseriato
1338 2179 1412 2234 etu
1433 2170 1497 2250 VI,
1508 2190 1540 2251 a,
1551 2172 1648 2255 disq.
1669 2168 1810 2253 probari
1832 2163 1957 2246 nequit.

211 2286 335 2349 Rarior
356 2287 457 2349 etiam
470 2296 521 2349 est
540 2284 663 2370 duplex
683 2287 850 2350 vocalium
870 2291 1096 2371 permutatio,
1123 2298 1163 2351 ut
1183 2290 1197 2353 i
1216 2290 1271 2352 vel
1293 2310 1310 2352 e
1329 2300 1365 2353 et
1385 2310 1424 2368 o,
1445 2310 1466 2352 a
1487 2298 1522 2353 et
1541 2309 1579 2352 ιιι
1613 2308 1689 2351 uam
1710 2282 1899 2366 sanatae
1921 2283 1957 2341 iu

212 2402 278 2466 tab.
301 2402 329 2468 Ῑ.
353 2410 388 2466 et
407 2402 452 2466 V.
483 2421 547 2486 pro
577 2402 766 2483 nauatae
796 2407 833 2467 in
853 2406 919 2470 tab.
943 2407 1006 2471 1Υ.
1037 2416 1072 2472 et
1092 2406 1279 2470 comoltu
1310 2409 1346 2468 in
1377 2408 1445 2470 tab.
1476 2407 1537 2471 Vl.
1561 2415 1596 2469 et
1616 2406 1690 2470 ΥΠ.
1725 2404 1957 2468 diversitatem

165 2518 173 2535 '
212 2531 404 2604 temporum
424 2520 556 2605 prodit,
578 2522 699 2604 quibus
719 2525 852 2586 tabulae
871 2525 1186 2607 perscribebautur,
1215 2535 1250 2587 et
1269 2544 1290 2586 o
1311 2525 1423 2587 finalia
1452 2544 1516 2605 pro
1539 2545 1564 2597 e,
1586 2527 1610 2602 i,
1632 2526 1677 2596 ei,
1704 2532 1744 2584 ut
1763 2525 1799 2582 in
1820 2516 1956 2581 Trebo

211 2658 281 2720 pro·
302 2625 408 2727 Τρεβι
430 2640 503 2703 aive
524 2639 688 2719 Triiei,
710 2641 740 2702 si
762 2639 930 2725 Gruterus
952 2640 1013 2720 VI,
1035 2641 1068 2719 b,
1090 2644 1141 2707 58.
1173 2639 1209 2701 id
1231 2648 1323 2704 recte
1344 2642 1585 2721 transcriptum
1607 2640 1757 2715 exhibet,
1779 2637 1871 2697 Fiso
1892 2651 1956 2717 pro

216 2756 320 2835 Usus,
348 2754 480 2820 'Petro
501 2774 568 2838 pro
590 2753 721 2844 Τιφρι,
752 2755 863 2841 Tappo
883 2759 956 2818 sive
977 2758 1148 2834 Teirei,
1186 2758 1287 2819 etiam
1316 2777 1498 2820 curnaco
1519 2778 1584 2841 pro
1605 2775 1785 2820 curnase
1806 2754 1873 2818 tab.
1896 2749 1957 2826 VI,

210 2875 326 2951 iotae,
347 2874 481 2937 nonani
501 2873 653 2934 flexionis
672 2874 872 2936 varietatem
893 2871 1029 2936 indicat.

319 3040 322 3045 4
376 2990 408 3053 9.
449 2988 588 3051 Voealis
618 3007 768 3071 quaeque
799 2997 834 3052 et
864 2988 1007 3072 produci
1039 2998 1074 3053 et
1102 2992 1232 3076 corripi
1263 3001 1412 3077 poterat:
1444 2994 1755 3077 binc.spllabarnm
1777 2992 1956 3075 quantitas,

209 3108 279 3169 uisi
296 3124 382 3189 quae
401 3106 532 3169 vocalia
551 3107 606 3171 vel
626 3107 817 3192 geminetur
845 3108 903 3171 vel
922 3126 1000 3171 cum
1020 3107 1231 3196 diphthongo
1260 3109 1402 3194 quadam
1423 3119 1655 3196 permutetur,
1687 3132 1728 3175 ex
1748 3109 1866 3173 Latini
1886 3127 1957 3172 ser·

210 3226 319 3289 uronis
340 3222 454 3287 indole
480 3225 683 3309 plerumque·
698 3222 913 3306 dijudicanda
944 3235 1004 3290 ast.
1048 3226 1106 3290 Sic
1126 3246 1148 3289 a
1168 3226 1204 3289 iu
1224 3248 1413 3305 uaovaac
1444 3229 1507 3310 1v,
1528 3231 1562 3309 b,
1584 3231 1614 3296 2.
1647 3225 1864 3312 producenda
1894 3212 1956 3304 ast,

210 3343 290 3425 guia
310 3342 511 3406 nouaclum
537 3362 738 3436 wapentac
757 3341 942 3422 antecedit,
974 3342 1160 3408 sedetiam
1190 3344 1253 3426 ΙΥ,
1274 3367 1305 3426 a,
1329 3352 1377 3414 11·.
1410 3367 1660 3435 narrantum
1692 3347 1835 3434 legiturs
1866 3342 1956 3408 idem

208 3461 301 3525 valet
320 3459 363 3524 de
384 3475 538 3544 pereae
558 3461 620 3534 Vl,
642 3461 675 3539 b,
697 3459 749 3527 58.
773 3468 809 3524 et
829 3479 859 3539 a,
881 3463 925 3539 3.,
946 3464 1027 3546 quia
1047 3454 1112 3542 tv,
1133 3482 1164 3542 a,
1184 3464 1236 3531 28.
1257 3467 1308 3531 32.
1330 3469 1382 3533 45.
1409 3464 1567 3557 napata
1595 3466 1758 3549 scriptum
1785 3473 1846 3531 est.
1893 3460 1956 3525 Ce-

93 3606 96 3610 »
209 3587 321 3642 terum
342 3596 389 3642 ae
410 3580 512 3644 etiam
533 3575 779 3667 diphthongum
800 3565 888 3658 osae,
920 3599 1096 3661 persaea
1116 3581 1196 3655 Vll,
1217 3602 1249 3661 a,
1269 3584 1321 3648 41.
1355 3592 1390 3646 et
1410 3586 1462 3651 54.
1484 3604 1548 3668 pro
1570 3586 1741 3666 perseia
1770 3582 1849 3662 ΥΠ,
1871 3601 1902 3652 a,
1923 3582 1954 3644 7.

209 3695 318 3763 docet'.
362 3695 542 3760 Gemiuata
559 3715 669 3758 ouon
688 3697 883 3777 iuvenitur,
904 3700 984 3780 quia
1005 3699 1260 3785 cnapedane
1282 3700 1325 3778 V,
1348 3721 1378 3781 e,
1399 3705 1441 3769 33
1463 3723 1509 3784 sq.
1533 3722 1597 3785 pro
1618 3702 1852 3787 edereedere>
1873 3700 1956 3762 scri·

209 3819 267 3897 pth
287 3813 443 3899 videtar3
475 3834 497 3877 o
516 3823 638 3881 eontra
657 3822 692 3878 et
712 3835 751 3894 ιι,
783 3818 820 3877 iu
841 3816 1096 3879 ooserelome
1123 3815 1185 3895 VI,
1207 3817 1240 3896 b,
1263 3819 1312 3884 12.
1341 3827 1375 3882 et
1404 3820 1657 3903 portatuulo
1683 3819 1744 3898 VI,
1766 3839 1795 3896 a,
1816 3819 1868 3884 55.
1890 3836 1955 3903 pro

210 3928 406 4013 πορτατελιι
436 3931 498 4011 ΙΥ,
519 3952 551 4009 a,
574 3933 623 3998 18.
644 3935 845 4019 geminatae,
878 3952 1042 4016 nusquam
1064 3936 1099 3996 iu
1131 3931 1378 4023 diphthongum
1410 3945 1600 4009 transeunt,
1632 3938 1698 4000 uisi
1731 3934 1819 4020 quod
1840 3935 1902 4015 VI,
1923 3956 1954 4012 a,

207 4050 257 4114 33.
280 4058 404 4112 touer
424 4068 490 4133 pro
508 4058 605 4115 taer
635 4052 799 4135 scriptum
819 4053 955 4140 legitur.
1009 4051 1224 4116 Geminatum
1254 4073 1273 4115 e
1304 4072 1371 4115 uon
1392 4054 1500 4117 solum
1521 4059 1636 4118 foetu
1668 4054 1746 4135 ΥΠ,
1767 4075 1798 4134 a,
1818 4056 1868 4120 41.
1890 4072 1954 4136 pro

207 4167 305 4228 fetu
325 4166 396 4230 sive
416 4168 527 4230 ieitu
546 4167 630 4246 vlt,
645 4186 676 4245 a,
698 4169 721 4235 3
740 4189 821 4252 sqq,
843 4167 901 4232 aed
923 4171 1024 4232 etiam
1045 4178 1132 4233 cest
1153 4169 1214 4250 Vl,
1237 4171 1268 4244 b,
1289 4172 1321 4236 2.
1343 4190 1406 4254 pro
1428 4180 1494 4235 est
1513 4172 1576 4254 ΥΙ,
1592 4173 1626 4252 b,
1645 4175 1677 4239 5.
1698 4173 1815 4237 habet:
1838 4193 1878 4236 ex
1898 4192 1955 4260 ge·

206 4282 342 4347 minatis
362 4285 377 4348 ι’
396 4302 479 4349 vero
498 4285 639 4349 alteram
660 4295 815 4370 tauquam
845 4297 1082 4359 consonantem
1102 4287 1384 4370 pronuntiandam
1406 4308 1493 4369 esse,
1525 4310 1544 4355 e
1572 4295 1772 4372 permutatio
1802 4314 1878 4358 cnm
1911 4313 1951 4355 ea

206 4402 315 4463 literis
337 4422 357 4463 ιι
379 4409 413 4463 et
435 4397 472 4483 ζ,
504 4424 643 4487 quarum
664 4402 746 4466 baec
766 4402 855 4487 apud
876 4406 1096 4472 Romanos'iu
1114 4409 1153 4486 j,
1183 4408 1241 4469 illa
1266 4409 1302 4469 iu
1323 4427 1349 4491 g
1370 4427 1500 4491 quoque
1519 4410 1705 4490 transibat,
1735 4380 1950 4498 intelligitur.

205 4515 262 4582 Sic
281 4519 365 4582 urbs
386 4517 566 4609 Iguviua
587 4522 648 4601 IV,
676 4542 708 4601 a,
728 4523 759 4587 2.
781 4525 813 4589 5.
836 4522 880 4602 11,
902 4525 944 4587 tt
963 4544 1011 4606 sq.
1033 4526 1084 4589 30.
1105 4525 1252 4604 IteFtvo,
1275 4528 1358 4589 alias
1378 4544 1463 4590 vero
1483 4529 1625 4593 Inero
1644 4526 1756 4592 audit:
1778 4530 1826 4592 sic
1848 4530 1948 4590 etiam
1992 4541 1997 4551 ’

204 4634 403 4724 medanae
434 4637 497 4719 lv,
519 4640 697 4720 1),28.31.
720 4661 746 4704 s.
779 4660 1016 4728 nepotatur
1042 4642 1103 4721 ΙΥ,
1125 4642 1158 4719 b,
1180 4644 1232 4709 34.
1264 4663 1328 4726 pro
1349 4641 1529 4732 περτιιζιις
1554 4645 1615 4722 IV,
1639 4665 1670 4723 a,
1691 4647 1744 4711 33.
1776 4645 1950 4712 scribitur.

206 4752 296 4818 Hinc
313 4755 459 4821 dubium
476 4760 585 4837 sonet,
613 4765 737 4823 utrum.
751 4760 788 4822 iu
811 4758 970 4824 0⁸0er
992 4756 1055 4833 IV,
1076 4760 1109 4835 b,
1132 4762 1182 4826 18.
1206 4780 1270 4842 pro
1291 4761 1428 4826 Fisovi
1449 4762 1511 4842 ΥῙ,
1533 4781 1564 4843 a,
1585 4764 1616 4829 6.
1646 4764 1686 4825 ei
1707 4761 1948 4853 diphthongus,

205 4889 248 4935 an
267 4894 283 4936 ι
300 4890 487 4941 οιιιιοιιιιιι
514 4874 670 4962 putanda
685 4878 745 4953 sit,
772 4877 838 4940 uisi
864 4878 966 4944 otoo
985 4876 1176 4960 Ν,1ι,16.
1205 4879 1383 4962 pro-Fiso
1404 4879 1467 4959 Vl,
1487 4900 1518 4959 a,
1538 4882 1570 4948 3.
1593 4879 1812 4960 scriberetur,
1851 4890 1949 4966 etque
