4364 5754
986 554 1192 619 ..19-

226 720 306 800 vu,
317 741 348 800 a,
360 722 410 787 17.
421 721 522 802 susq·
543 718 630 800 serf,
652 737 768 794 eramo,
789 719 873 792 ον’νο,
893 736 1008 799 pepusa,
1022 726 1169 794 sustmo,
1182 715 1270 798 fris,
1290 716 1382 782 solua
1400 720 1519 782 sente!

270 875 273 881 -
306 836 374 916 (de)
395 841 604 925 magistratu,
628 838 768 918 civibus,
790 839 885 915 viris,
908 835 1065 931 pentibus,
1086 836 1270 916 moenibus,
1291 835 1455 924 frugibus,
1476 837 1569 902 salva
1588 844 1738 901 servato!

223 957 303 1035 VII,
312 978 341 1036 a,
349 961 388 1024 17
394 978 442 1040 sq.
450 961 501 1023 31.
516 955 688 1037 Futufons
698 955 1054 1038 pocerpusetuopople
1064 957 1613 1038 totorljoriaur,tote1joviee,erer
1623 973 1952 1035 somnaersrnom.

223 1077 301 1139 Esto
311 1078 424 1139 volens
435 1079 583 1162 propitia
593 1084 741 1160 paoatua
752 1076 875 1170 populo
886 1077 989 1138 totius
1000 1073 1172 1162 Iguvium,
1187 1076 1250 1137 toti
1261 1073 1431 1161 Iguvium,
1448 1075 1540 1139 illius
1550 1076 1691 1155 nomini,
1703 1074 1802 1156 hujus
1812 1077 1950 1138 nomini.

223 1193 520 1278 v11‚a,18.³1sq.
544 1193 697 1259 Prestots
714 1190 838 1279 'Serfio
853 1188 984 1274 *Serfer
1004 1193 1167 1258 Martias!
1192 1195 1266 1256 tiom
1288 1194 1354 1257 asir
1374 1194 1491 1257 vesclir
1512 1194 1609 1261 odrer
1629 1192 1754 1275 (alfar),

543 1312 692 1378 Prestota
709 1310 828 1376 *Sertis
845 1310 943 1376 *Serti
964 1311 1099 1374 Martii!
1122 1310 1186 1381 tibi
1206 1310 1258 1372 his
1279 1312 1418 1374 vasculis
1439 1315 1521 1376 atris
1544 1313 1665 1392 (albis),

223 1428 301 1509 VII,
313 1450 343 1510 a,
357 1432 397 1497 18
407 1451 455 1514 sq.
477 1433 518 1497 32
528 1452 576 1515 sq.
597 1433 754 1514 popluper
776 1441 865 1495 lotor
884 1434 1040 1513 ljoviuur,
1064 1441 1189 1511 totuper
1209 1431 1347 1512 bovina,
1369 1450 1439 1493 erar
1459 1451 1635 1514 νιοοννιῳεν,
1656 1452 1731 1495 erar
1750 1450 1925 1513 aomaepar.

354 1568 416 1632 pro
437 1551 563 1633 populo
583 1553 686 1613 totius
709 1550 878 1637 Iguuinos,
901 1571 962 1635 pro
984 1549 1216 1635 totalguvina,
1237 1569 1300 1634 pro
1321 1549 1416 1611 illius
1437 1553 1583 1631 nomino,
1606 1570 1668 1636 pm
1690 1552 1789 1632 hujus
1810 1552 1953 1616 nomine.
2089 1571 2091 1574 ’

223 1664 300 1745 vn,
312 1686 343 1746 a,
361 1670 401 1732 19
412 1687 457 1750 sq.
481 1671 533 1735 33.
555 1666 711 1757 Prertoto
727 1664 850 1752 *Serfio
867 1664 998 1748 *Serfer
1018 1669 1175 1732 Murtier!
1198 1671 1274 1732 tiom
1286 1667 1473 1748 ,subocuvol

162 1781 166 1790 ’
558 1788 709 1851 Prestota
726 1784 846 1850 *Serlia
869 1784 967 1850 'Serti
1018 1786 1155 1849 Martii!
1195 1786 1257 1848 tibi
1286 1786 1487 1871 supplicavi!

222 1900 505 1984 Quemadmodum
527 1925 607 1970 vero
630 1905 692 1986 VI,
715 1926 745 1983 a,
769 1909 819 1973 15.
842 1903 980 1968 additur
999 1905 1150 1968 Fisom'el
1171 1903 1254 1985 frito
1276 1884 1351 1969 tium
1373 1905 1524 1986 subesse,
1544 1904 1577 1967 h.
1600 1925 1630 1974 e.
1652 1905 1798 1969 Fisovie!
1833 1902 1957 1967 fiducia

222 2021 285 2084 tibi
306 2020 510 2106 supplicavi3
532 2024 579 2084 sic
601 2023 677 2102 VH,
701 2043 731 2102 a,
753 2025 804 2088 20.
827 2033 861 2086 et
879 2027 921 2091 33
942 2043 988 2106 sq.
1009 2021 1124 2086 addita
1144 2023 1302 2111 leguntur
1321 2023 1418 2086 haece

303 2136 476 2204 Prestotor
493 2137 633 2224 *Serfiur
651 2138 782 2224 *Serfer
801 2143 943 2208 Mortier
963 2141 1060 2222 fourr
1079 2140 1162 2221 fn'te
1184 2144 1258 2207 tionr
1278 2141 1446 2207 audecavo.

295 2254 476 2337 ¹Prestotae
493 2254 630 2322 *Serfiaa
653 2257 750 2323 *Serti
770 2260 892 2324 Martii
914 2260 1056 2325 volentis
1075 2258 1197 2323 fiducia
1217 2261 1283 2323 tibi
1302 2261 1502 2346 supplicavi,

222 2372 312 2437 Tum
330 2385 407 2458 post
420 2377 529 2446 verba
550 2397 657 2442 ennom
677 2379 807 2459 peraclu
827 2400 880 2444 eso
902 2380 991 2443 daila
1011 2400 1036 2442 s.
1058 2382 1228 2460 permina,
1250 2379 1283 2444 h.
1306 2398 1334 2441 a.
1358 2376 1477 2441 deinde
1499 2377 1696 2440 lustratione
1717 2376 1782 2439 hoe
1803 2373 1955 2441 dicitas.

221 2501 387 2575 precator,
420 2495 614 2576 quibuscum
643 2496 865 2581 comparanda
903 2508 991 2575 sunt,
1019 2517 1103 2579 quae
1135 2496 1217 2559 Cato
1239 2496 1277 2560 Β.
1299 2496 1337 2560 R.
1362 2499 1431 2565 141.
1461 2495 1612 2562 exhibeto
1645 2468 1725 2559 viso·
1743 2493 1957 2574 praesumtae,

221 2611 273 2675 sic
294 2610 407 2688 dicito,
430 2622 574 2695 quatuor
595 2617 737 2676 extremi
757 2635 873 2677 versus
893 2618 942 2676 sio
963 2624 1177 2696 repetuntur:
1908 2582 1918 2611 Ι

221 2725 299 2807 VII,
311 2749 342 2808 a,
353 2730 403 2794 21.
416 2732 469 2796 34.
491 2728 644 2795 Prestotu
660 2726 783 2815 'Serfia
802 2722 934 2808 *Serfe'r
959 2731 1120 2793 Murtiert
1152 2732 1227 2793 tlom
1247 2729 1309 2791 isir
1329 2726 1444 2795 veaclir
1465 2727 1559 2791 udrir
1579 2723 1705 2808 (ulfer),
1735 2729 1808 2791 tiont
1825 2727 1953 2812 plener!

222 2843 302 2925 VII,
315 2865 346 2923 a,
357 2849 396 2910 21
409 2867 454 2928 sq.
466 2851 517 2912 35.
539 2830 697 2928 popluper
719 2857 808 2910 tetur
828 2848 986 2929 1)·οοὶννον,
1010 2855 1139 2928 totuper
1158 2848 1297 2928 1)·ουνῖνιο,
1319 2865 1389 2909 erer
1409 2865 1588 2929 nomneper,
1609 2866 1683 2910 etur
1702 2850 1888 2929 somneper!

221 2962 300 3041 Vll,
313 2984 343 3041 a,
356 2964 407 3027 22.
420 2967 518 3046 amq.
541 2962 693 3029 Prestoto
711 2962 831 3051 *Serfio
850 2962 980 3046 *Serfer
999 2965 1159 3030 Mortier!
1183 2968 1258 3032 tiom
1278 2964 1448 3048 aubocopo.
1539 3005 1542 3012 ,

223 3078 303 3158 VII,
316 3088 346 3159 a,
358 3082 399 3145 22
410 3103 458 3162 sq.
470 3084 522 3148 36.
545 3080 717 3148 Prestotar
734 3074 874 3169 *Serfiar
892 3080 1021 3164 'Serfer
1040 3084 1182 3151 Martier
1202 3068 1299 3165 fourr
1318 3081 1400 3162 stite
1422 3085 1499 3175 tion
1518 3082 1689 3150 audecavo.

150 3255 153 3259 ,
221 3195 346 3263 Addita
365 3201 473 3286 igitur
493 3211 570 3264 sunt
590 3204 692 3267 verba
713 3200 756 3265 ad
777 3202 892 3268 vesclir
913 3225 939 3265 s.
962 3202 1102 3266 normalis
1124 3202 1231 3264 relata
1253 3203 1328 3265 tiom
1346 3199 1458 3282 plener
1477 3223 1502 3266 s.
1526 3199 1589 3266 tibi
1607 3201 1722 3283 plenis.

387 3320 437 3384 21.
482 3317 521 3380 In
542 3323 718 3405 postremis
740 3331 856 3384 eontra
875 3319 1030 3405 precibus
1051 3316 1094 3383 ad
1113 3317 1233 3384 Jovem
1253 3314 1462 3386 Grabovium
1482 3321 1579 3385 factis
1590 3318 1697 3401 v1‚b‚
1711 3322 1811 3403 blm.
1833 3319 1957 3382 inserta

221 3445 298 3498 sunt
318 3436 419 3498 haee:
505 3486 511 3495 .
920 3418 926 3426 ’

303 3551 357 3620 Ds’
378 3553 562 3620 Grodom'el
585 3558 632 3621 tio
654 3555 819 3621 comohoto
842 3557 1008 3623 marisiae
1028 3558 1091 3622 buo
1109 3560 1263 3641 peroratio
1281 3556 1414 3640 pileolo

303 3677 431 3755 octiper
452 3675 561 3754 Fisim
580 3682 708 3756 totoper
728 3679 869 3759 ΙῙοοὶνια,
890 3697 961 3741 erar
981 3696 1157 3759 aouueper,
1179 3696 1254 3740 ινον
1274 3695 1451 3757 aouneper.

221 3787 316 3851 Haeo
335 3801 378 3854 ut·
393 3793 637 3879 intelligantur,
659 3795 860 3858 monendum
882 3774 941 3872 est,
963 3796 1077 3859 verbis
1098 3793 1262 3860 cotaeleto
1277 3790 1765 3859 tribriataeoommaetationem
1785 3787 1957 3872 triplioem

222 3906 324 3972 boum
345 3914 491 3972 sacrium
512 3912 724 3994 piaculorum
750 3912 903 3987 indicari,
936 3912 998 3975 buo
1026 3916 1180 3994 peracuto
1202 3912 1334 3994 pileolo
1363 3915 1470 4000 igitur
1494 3910 1656 3993 scriptum
1684 3922 1753 3967 essa
1781 3924 1844 3991 pro
1864 3905 1958 3971 buon

221 4029 401 4108 perorator
421 4028 591 4108 pileolom,
613 4031 701 4093 sicut
723 4033 769 4095 tio
789 4050 853 4115 pro
877 4033 968 4095 tiam:
1000 4046 1069 4094 esse
1089 4041 1201 4095 antem
1221 4031 1386 4095 remohota
1407 4027 1576 4093 tn‘brisiae
1594 4024 1757 4089 ablativos
1776 4023 1956 4113 singularia

223 4146 356 4205 numeri
377 4147 656 4226 instrumentales,
678 4148 888 4241 sicutuertsw
909 4149 968 4214 bue
986 4153 1115 4231 peracri
1133 4149 1265 4233 piltoclu
1284 4148 1347 4229 Vt,
1358 4149 1391 4228 b,
1405 4150 1447 4214 33
1458 4166 1505 4231 sq.
1521 4147 1571 4213 43.
1583 4145 1644 4224 5³3
1667 4143 1757 4208 daem
1774 4145 1958 4228 peratum

220 4259 379 4343 pt'ltaclom
400 4272 516 4326 oontm
537 4266 703 4352 genitivos
723 4266 865 4349 pluralis
885 4270 1028 4348 numeri,
1048 4271 1136 4332 siout
1156 4288 1211 4333 ero
1231 4288 1256 4332 s.
1279 4287 1362 4331 erom
1384 4263 1464 4345 vlt,
1482 4283 1513 4346 a,
1531 4267 1569 4331 13
1580 4284 1626 4347 sq.
1671 4260 1958 4344 Quemadmodum

223 4380 332 4468 igitur
351 4378 466 4442 Latini
487 4382 576 4447 iuter
596 4384 760 4447 ablativos
780 4387 961 4473 singularis
981 4390 1114 4450 numeri
1136 4387 1215 4456 bove
1233 4388 1322 4450 sacra·
1338 4384 1469 4467 piaculo
1487 4394 1521 4447 et
1535 4382 1699 4472 genitivos
1711 4381 1852 4467 pluralia
1866 4378 1957 4444 boun

222 4502 361 4563 seoriam
379 4499 539 4580 pincalttu
561 4505 743 4585 antiquitus
763 4501 998 4584 distinxerunt,
1027 4508 1076 4569 sio
1096 4504 1217 4569 Umbri
1243 4506 1333 4568 iuter
1353 4504 1517 4569 ablativos
1543 4501 1723 4590 singularis
1749 4498 1809 4562 bue
1826 4497 1957 4581 peracri

221 4616 353 4697 pilosis
373 4628 407 4681 et
427 4621 592 4706 genitivos
613 4621 756 4704 pluralis
777 4620 894 4701 buotm)
913 4624 1122 4713 perqmiotm)
1142 4624 1346 4706 pileatum.-
1367 4625 1404 4687 ln
1424 4622 1571 4687 ablativo
1587 4621 1676 4682 enim
1689 4616 1832 4683 Umbros
1851 4634 1874 4678 a
1892 4632 1957 4700 pro

224 4740 446 4824 oacripsisse,
467 4758 568 4823 snpra
589 4740 682 4829 §.lb
707 4743 772 4820 iam
789 4747 915 4809 monui
939 4745 977 4806 ln
991 4743 1113 4827 plurali
1133 4742 1267 4826 quidem
1281 4760 1421 4807 numero
1442 4759 1558 4818 arsuro,
1579 4741 1661 4815 ον’νο,
1681 4755 1794 4818 papate,
1816 4742 1956 4807 castrato,

128 4855 130 4859 ’
224 4857 568 4945 scriptum-legimus3
588 4855 645 4921 sed
667 4861 702 4922 in
723 4860 776 4924 bis
797 4862 951 4927 ablativis
973 4862 1074 4926 litera
1093 4862 1201 4925 finalis
1222 4861 1389 4942 fabjeeta
1409 4870 1468 4939 est,
1491 4858 1570 4941 quia
1590 4853 1668 4933 vn,
1679 4874 1711 4935 a,
1721 4855 1752 4922 3.
1774 4852 1876 4935 adres
1891 4871 1955 4940 pro
2007 4887 2011 4896 ·

1588 5026 1624 5090 32
