<?xml version="1.0" encoding="UTF-8"?>
<!DOCTYPE html PUBLIC "-//W3C//DTD XHTML 1.0 Transitional//EN"
    "http://www.w3.org/TR/xhtml1/DTD/xhtml1-transitional.dtd">
<html xmlns="http://www.w3.org/1999/xhtml" xml:lang="en" lang="en">
 <head>
  <title>
</title>
<meta http-equiv="Content-Type" content="text/html;charset=utf-8" />
  <meta name='ocr-system' content='tesseract 3.04.00' />
  <meta name='ocr-capabilities' content='ocr_page ocr_carea ocr_par ocr_line ocrx_word'/>
</head>
<body>
  <div class='ocr_page' id='page_1' title='image "./rudimentalingua01grotgoog_0097.png"; bbox 0 0 4364 5754; ppageno 0'>
   <div class='ocr_carea' id='block_1_1' title="bbox 220 697 1945 2320">
    <p class='ocr_par' dir='ltr' id='par_1_1' title="bbox 220 697 1945 2200">
     <span class='ocr_line' id='line_1_1' title="bbox 222 697 1944 782; baseline 0.005 -24"><span class='ocrx_word' id='word_1_1' title='bbox 222 699 337 759; x_wconf 91' lang='lat' dir='ltr'><strong>ninum</strong></span> <span class='ocrx_word' id='word_1_2' title='bbox 359 707 503 761; x_wconf 89' lang='lat' dir='ltr'><strong>montem</strong></span> <span class='ocrx_word' id='word_1_3' title='bbox 524 697 602 761; x_wconf 91' lang='lat' dir='ltr'><strong>inde</strong></span> <span class='ocrx_word' id='word_1_4' title='bbox 622 698 663 760; x_wconf 89' lang='lat' dir='ltr'><strong>ab</strong></span> <span class='ocrx_word' id='word_1_5' title='bbox 683 697 768 760; x_wconf 89' lang='lat' dir='ltr'><strong>Arni</strong></span> <span class='ocrx_word' id='word_1_6' title='bbox 789 698 988 782; x_wconf 81' lang='lat' dir='ltr'><strong>Tiberisque</strong></span> <span class='ocrx_word' id='word_1_7' title='bbox 1007 700 1156 762; x_wconf 81' lang='lat' dir='ltr'><strong>fontibus</strong></span> <span class='ocrx_word' id='word_1_8' title='bbox 1174 718 1280 782; x_wconf 85' lang='lat' dir='ltr'><strong>usque</strong></span> <span class='ocrx_word' id='word_1_9' title='bbox 1301 698 1343 762; x_wconf 90' lang='lat' dir='ltr'><strong>ad</strong></span> <span class='ocrx_word' id='word_1_10' title='bbox 1362 701 1456 762; x_wconf 88' lang='lat' dir='ltr'><strong>Liris</strong></span> <span class='ocrx_word' id='word_1_11' title='bbox 1477 702 1576 778; x_wconf 90' lang='lat' dir='ltr'><strong>ostia,</strong></span> <span class='ocrx_word' id='word_1_12' title='bbox 1605 701 1691 766; x_wconf 82' lang='lat' dir='ltr'><strong>alter</strong></span> <span class='ocrx_word' id='word_1_13' title='bbox 1711 700 1845 766; x_wconf 84' lang='lat' dir='ltr'><strong>Calibus</strong></span> <span class='ocrx_word' id='word_1_14' title='bbox 1865 706 1944 768; x_wconf 88' lang='lat' dir='ltr'><strong>reli·</strong></span> 
     </span>
     <span class='ocr_line' id='line_1_2' title="bbox 222 815 1945 904; baseline 0.005 -27"><span class='ocrx_word' id='word_1_15' title='bbox 222 835 285 898; x_wconf 89' lang='lat' dir='ltr'><strong>qua</strong></span> <span class='ocrx_word' id='word_1_16' title='bbox 306 835 409 898; x_wconf 89' lang='lat' dir='ltr'><strong>usqne</strong></span> <span class='ocrx_word' id='word_1_17' title='bbox 430 816 471 877; x_wconf 92' lang='lat' dir='ltr'><strong>ad</strong></span> <span class='ocrx_word' id='word_1_18' title='bbox 492 819 601 878; x_wconf 90' lang='lat' dir='ltr'><strong>sinum</strong></span> <span class='ocrx_word' id='word_1_19' title='bbox 622 816 842 879; x_wconf 90' lang='lat' dir='ltr'><strong>Tarentinum</strong></span> <span class='ocrx_word' id='word_1_20' title='bbox 873 818 932 880; x_wconf 91' lang='lat' dir='ltr'><strong>sub</strong></span> <span class='ocrx_word' id='word_1_21' title='bbox 954 815 1082 879; x_wconf 79' lang='lat' dir='ltr'>ditione</span> <span class='ocrx_word' id='word_1_22' title='bbox 1102 834 1161 879; x_wconf 89' lang='lat' dir='ltr'><strong>sna</strong></span> <span class='ocrx_word' id='word_1_23' title='bbox 1180 818 1330 896; x_wconf 89' lang='lat' dir='ltr'><strong>tenebat,</strong></span> <span class='ocrx_word' id='word_1_24' title='bbox 1362 821 1479 881; x_wconf 87' lang='lat' dir='ltr'><strong>tertius</strong></span> <span class='ocrx_word' id='word_1_25' title='bbox 1499 838 1581 881; x_wconf 89' lang='lat' dir='ltr'><strong>vero</strong></span> <span class='ocrx_word' id='word_1_26' title='bbox 1603 830 1818 902; x_wconf 73' lang='lat' dir='ltr'><strong>quartusque,</strong></span> <span class='ocrx_word' id='word_1_27' title='bbox 1852 825 1945 904; x_wconf 92' lang='lat' dir='ltr'><strong>quic·</strong></span> 
     </span>
     <span class='ocr_line' id='line_1_3' title="bbox 221 930 1943 1020; baseline 0.006 -27"><span class='ocrx_word' id='word_1_28' title='bbox 221 930 302 1015; x_wconf 92' lang='lat' dir='ltr'><strong>quid</strong></span> <span class='ocrx_word' id='word_1_29' title='bbox 333 935 419 996; x_wconf 84' lang='lat' dir='ltr'><strong>inter</strong></span> <span class='ocrx_word' id='word_1_30' title='bbox 440 933 649 1019; x_wconf 83' lang='lat' dir='ltr'><strong>Apenninum</strong></span> <span class='ocrx_word' id='word_1_31' title='bbox 668 945 815 997; x_wconf 88' lang='lat' dir='ltr'><strong>montem</strong></span> <span class='ocrx_word' id='word_1_32' title='bbox 836 946 878 998; x_wconf 60' lang='lat' dir='ltr'><strong>et«</strong></span> <span class='ocrx_word' id='word_1_33' title='bbox 888 933 1097 1002; x_wconf 82' lang='lat' dir='ltr'><strong>Adriaticum</strong></span> <span class='ocrx_word' id='word_1_34' title='bbox 1119 955 1248 998; x_wconf 90' lang='lat' dir='ltr'><strong>marea</strong></span> <span class='ocrx_word' id='word_1_35' title='bbox 1269 935 1439 999; x_wconf 76' lang='lat' dir='ltr'><strong>Rubicone</strong></span> <span class='ocrx_word' id='word_1_36' title='bbox 1465 956 1568 1020; x_wconf 86' lang='lat' dir='ltr'><strong>usque</strong></span> <span class='ocrx_word' id='word_1_37' title='bbox 1594 936 1636 999; x_wconf 88' lang='lat' dir='ltr'><strong>ad</strong></span> <span class='ocrx_word' id='word_1_38' title='bbox 1655 937 1767 1001; x_wconf 88' lang='lat' dir='ltr'><strong>Aesim</strong></span> <span class='ocrx_word' id='word_1_39' title='bbox 1792 941 1943 1020; x_wconf 84' lang='lat' dir='ltr'><strong>fluvium,</strong></span> 
     </span>
     <span class='ocr_line' id='line_1_4' title="bbox 221 1048 1943 1142; baseline 0.007 -32"><span class='ocrx_word' id='word_1_40' title='bbox 221 1048 360 1133; x_wconf 87' lang='lat' dir='ltr'><strong>indeque</strong></span> <span class='ocrx_word' id='word_1_41' title='bbox 382 1050 424 1114; x_wconf 90' lang='lat' dir='ltr'><strong>ad</strong></span> <span class='ocrx_word' id='word_1_42' title='bbox 444 1055 712 1136; x_wconf 81' lang='lat' dir='ltr'><strong>promontorium</strong></span> <span class='ocrx_word' id='word_1_43' title='bbox 733 1053 910 1142; x_wconf 82' lang='lat' dir='ltr'><strong>Japygium</strong></span> <span class='ocrx_word' id='word_1_44' title='bbox 933 1056 1033 1115; x_wconf 89' lang='lat' dir='ltr'><strong>situm</strong></span> <span class='ocrx_word' id='word_1_45' title='bbox 1055 1063 1136 1115; x_wconf 90' lang='lat' dir='ltr'><strong>erat.</strong></span> <span class='ocrx_word' id='word_1_46' title='bbox 1182 1051 1277 1134; x_wconf 78' lang='lat' dir='ltr'><strong>Quod</strong></span> <span class='ocrx_word' id='word_1_47' title='bbox 1304 1062 1413 1114; x_wconf 89' lang='lat' dir='ltr'><strong>autem</strong></span> <span class='ocrx_word' id='word_1_48' title='bbox 1434 1053 1475 1114; x_wconf 92' lang='lat' dir='ltr'><strong>ad</strong></span> <span class='ocrx_word' id='word_1_49' title='bbox 1496 1053 1943 1122; x_wconf 82' lang='lat' dir='ltr'><strong>Tarsinatem&#39;tribusn</strong></span> 
     </span>
     <span class='ocr_line' id='line_1_5' title="bbox 220 1169 1944 1258; baseline 0.005 -29"><span class='ocrx_word' id='word_1_50' title='bbox 220 1171 354 1248; x_wconf 75' lang='lat' dir='ltr'><strong>attinet,</strong></span> <span class='ocrx_word' id='word_1_51' title='bbox 378 1174 432 1231; x_wconf 91' lang='lat' dir='ltr'><strong>cui</strong></span> <span class='ocrx_word' id='word_1_52' title='bbox 446 1170 642 1258; x_wconf 80' lang='lat' dir='ltr'><strong>Iapygicum</strong></span> <span class='ocrx_word' id='word_1_53' title='bbox 663 1191 782 1234; x_wconf 90' lang='lat' dir='ltr'><strong>nomen</strong></span> <span class='ocrx_word' id='word_1_54' title='bbox 803 1174 839 1232; x_wconf 89' lang='lat' dir='ltr'><strong>in</strong></span> <span class='ocrx_word' id='word_1_55' title='bbox 861 1169 1010 1258; x_wconf 74' lang='lat' dir='ltr'><strong>Iguvinis</strong></span> <span class='ocrx_word' id='word_1_56' title='bbox 1030 1170 1152 1233; x_wconf 85' lang='lat' dir='ltr'><strong>tabulis</strong></span> <span class='ocrx_word' id='word_1_57' title='bbox 1173 1170 1361 1246; x_wconf 77' lang='lat' dir='ltr'><strong>ascribitur,</strong></span> <span class='ocrx_word' id='word_1_58' title='bbox 1383 1189 1454 1231; x_wconf 86' lang='lat' dir='ltr'><strong>eam</strong></span> <span class='ocrx_word' id='word_1_59' title='bbox 1477 1192 1552 1232; x_wconf 93' lang='lat' dir='ltr'><strong>cum</strong></span> <span class='ocrx_word' id='word_1_60' title='bbox 1564 1172 1685 1257; x_wconf 87' lang='lat' dir='ltr'><strong>Lepsio</strong></span> <span class='ocrx_word' id='word_1_61' title='bbox 1708 1171 1748 1235; x_wconf 90' lang='lat' dir='ltr'><strong>de</strong></span> <span class='ocrx_word' id='word_1_62' title='bbox 1769 1175 1855 1237; x_wconf 87' lang='lat' dir='ltr'><strong>tabb.</strong></span> <span class='ocrx_word' id='word_1_63' title='bbox 1879 1177 1944 1239; x_wconf 89' lang='lat' dir='ltr'><strong>Eu·</strong></span> 
     </span>
     <span class='ocr_line' id='line_1_6' title="bbox 222 1287 1943 1376; baseline 0.005 -30"><span class='ocrx_word' id='word_1_64' title='bbox 222 1287 297 1373; x_wconf 80' lang='lat' dir='ltr'><strong>gub.</strong></span> <span class='ocrx_word' id='word_1_65' title='bbox 321 1306 392 1373; x_wconf 74' lang='lat' dir='ltr'><strong>pag.</strong></span> <span class='ocrx_word' id='word_1_66' title='bbox 416 1291 466 1353; x_wconf 82' lang='lat'><strong>57.</strong></span> <span class='ocrx_word' id='word_1_67' title='bbox 490 1292 601 1372; x_wconf 86' lang='lat' dir='ltr'><strong>potius</strong></span> <span class='ocrx_word' id='word_1_68' title='bbox 623 1287 665 1350; x_wconf 92' lang='lat' dir='ltr'><strong>ad</strong></span> <span class='ocrx_word' id='word_1_69' title='bbox 686 1288 929 1368; x_wconf 90' lang='lat' dir='ltr'><strong>Tadinates,</strong></span> <span class='ocrx_word' id='word_1_70' title='bbox 952 1309 1049 1372; x_wconf 88' lang='lat' dir='ltr'><strong>quam</strong></span> <span class='ocrx_word' id='word_1_71' title='bbox 1071 1309 1146 1351; x_wconf 87' lang='lat' dir='ltr'><strong>cum</strong></span> <span class='ocrx_word' id='word_1_72' title='bbox 1160 1288 1329 1373; x_wconf 86' lang='lat' dir='ltr'><strong>Kaempfio</strong></span> <span class='ocrx_word' id='word_1_73' title='bbox 1349 1287 1499 1352; x_wconf 85' lang='lat' dir='ltr'><strong>Umbris.</strong></span> <span class='ocrx_word' id='word_1_74' title='bbox 1522 1309 1593 1376; x_wconf 79' lang='lat' dir='ltr'><strong>pag.</strong></span> <span class='ocrx_word' id='word_1_75' title='bbox 1616 1295 1667 1356; x_wconf 82' lang='grc'><strong>24.</strong></span> <span class='ocrx_word' id='word_1_76' title='bbox 1691 1288 1732 1352; x_wconf 93' lang='lat' dir='ltr'><strong>ad</strong></span> <span class='ocrx_word' id='word_1_77' title='bbox 1752 1289 1943 1355; x_wconf 89' lang='lat' dir='ltr'><strong>Sarsina·</strong></span> 
     </span>
     <span class='ocr_line' id='line_1_7' title="bbox 222 1404 1940 1495; baseline 0.002 -27"><span class='ocrx_word' id='word_1_78' title='bbox 222 1409 432 1495; x_wconf 34' lang='lat' dir='ltr'><strong>tes-refero:</strong></span> <span class='ocrx_word' id='word_1_79' title='bbox 465 1405 599 1469; x_wconf 82' lang='lat' dir='ltr'><strong>Sarsina</strong></span> <span class='ocrx_word' id='word_1_80' title='bbox 627 1410 731 1487; x_wconf 89' lang='lat' dir='ltr'><strong>enim,</strong></span> <span class='ocrx_word' id='word_1_81' title='bbox 761 1407 871 1469; x_wconf 88' lang='lat' dir='ltr'><strong>Plauti</strong></span> <span class='ocrx_word' id='word_1_82' title='bbox 902 1411 1016 1492; x_wconf 73' lang='lat' dir='ltr'><strong>politae</strong></span> <span class='ocrx_word' id='word_1_83' title='bbox 1046 1409 1169 1491; x_wconf 90' lang='lat' dir='ltr'><strong>patria,</strong></span> <span class='ocrx_word' id='word_1_84' title='bbox 1201 1405 1243 1468; x_wconf 90' lang='lat' dir='ltr'><strong>ad</strong></span> <span class='ocrx_word' id='word_1_85' title='bbox 1264 1404 1433 1490; x_wconf 77' lang='lat' dir='ltr'><strong>Sapiniam</strong></span> <span class='ocrx_word' id='word_1_86' title='bbox 1465 1407 1607 1484; x_wconf 86' lang='lat' dir='ltr'><strong>tribum,</strong></span> <span class='ocrx_word' id='word_1_87' title='bbox 1638 1407 1738 1470; x_wconf 89' lang='lat' dir='ltr'><strong>Livio</strong></span> <span class='ocrx_word' id='word_1_88' title='bbox 1760 1405 1887 1488; x_wconf 91' lang='lat' dir='ltr'><strong>XXXI,</strong></span> <span class='ocrx_word' id='word_1_89' title='bbox 1910 1413 1940 1475; x_wconf 83' lang='lat'><strong>2.</strong></span> 
     </span>
     <span class='ocr_line' id='line_1_8' title="bbox 222 1519 1943 1611; baseline 0.003 -29"><span class='ocrx_word' id='word_1_90' title='bbox 222 1519 382 1604; x_wconf 89' lang='lat' dir='ltr'><strong>XXXIII,</strong></span> <span class='ocrx_word' id='word_1_91' title='bbox 405 1527 454 1591; x_wconf 84' lang='grc'><strong>37.</strong></span> <span class='ocrx_word' id='word_1_92' title='bbox 479 1536 711 1604; x_wconf 88' lang='lat' dir='ltr'><strong>memoratam,</strong></span> <span class='ocrx_word' id='word_1_93' title='bbox 732 1528 928 1610; x_wconf 84' lang='lat' dir='ltr'><strong>pertinuisse</strong></span> <span class='ocrx_word' id='word_1_94' title='bbox 949 1524 1100 1604; x_wconf 88' lang='lat' dir='ltr'><strong>videtur,</strong></span> <span class='ocrx_word' id='word_1_95' title='bbox 1122 1545 1223 1607; x_wconf 91' lang='lat' dir='ltr'><strong>quum</strong></span> <span class='ocrx_word' id='word_1_96' title='bbox 1245 1524 1400 1585; x_wconf 83' lang='lat' dir='ltr'><strong>Tareinas</strong></span> <span class='ocrx_word' id='word_1_97' title='bbox 1423 1522 1548 1600; x_wconf 88' lang='lat' dir='ltr'><strong>tribus,</strong></span> <span class='ocrx_word' id='word_1_98' title='bbox 1570 1525 1657 1586; x_wconf 81' lang='lat' dir='ltr'><strong>sIcut</strong></span> <span class='ocrx_word' id='word_1_99' title='bbox 1677 1523 1817 1611; x_wconf 79' lang='lat' dir='ltr'><strong>Iguvina</strong></span> <span class='ocrx_word' id='word_1_100' title='bbox 1842 1526 1943 1606; x_wconf 81' lang='lat'><strong>11,25</strong></span> 
     </span>
     <span class='ocr_line' id='line_1_9' title="bbox 223 1639 1944 1727; baseline 0.005 -26"><span class='ocrx_word' id='word_1_101' title='bbox 223 1649 257 1703; x_wconf 89' lang='lat' dir='ltr'><strong>et</strong></span> <span class='ocrx_word' id='word_1_102' title='bbox 277 1643 349 1720; x_wconf 72' lang='grc'><strong>311,</strong></span> <span class='ocrx_word' id='word_1_103' title='bbox 372 1640 413 1703; x_wconf 92' lang='lat' dir='ltr'><strong>ad</strong></span> <span class='ocrx_word' id='word_1_104' title='bbox 433 1643 657 1706; x_wconf 89' lang='lat' dir='ltr'><strong>Romanorum</strong></span> <span class='ocrx_word' id='word_1_105' title='bbox 689 1646 814 1707; x_wconf 91' lang='lat' dir='ltr'><strong>tribum</strong></span> <span class='ocrx_word' id='word_1_106' title='bbox 836 1643 1076 1706; x_wconf 78' lang='lat' dir='ltr'><strong>Clustuminam</strong></span> <span class='ocrx_word' id='word_1_107' title='bbox 1106 1639 1279 1705; x_wconf 80' lang='lat' dir='ltr'><strong>referenda</strong></span> <span class='ocrx_word' id='word_1_108' title='bbox 1306 1642 1366 1718; x_wconf 91' lang='lat' dir='ltr'><strong>sit,</strong></span> <span class='ocrx_word' id='word_1_109' title='bbox 1399 1660 1482 1723; x_wconf 89' lang='lat' dir='ltr'><strong>quae</strong></span> <span class='ocrx_word' id='word_1_110' title='bbox 1502 1639 1682 1703; x_wconf 89' lang='lat' dir='ltr'><strong>secundum</strong></span> <span class='ocrx_word' id='word_1_111' title='bbox 1703 1644 1944 1727; x_wconf 82' lang='lat' dir='ltr'><strong>permultamm</strong></span> 
     </span>
     <span class='ocr_line' id='line_1_10' title="bbox 222 1758 1943 1846; baseline 0.006 -27"><span class='ocrx_word' id='word_1_112' title='bbox 222 1760 478 1844; x_wconf 82' lang='lat' dir='ltr'><strong>inscriptionum</strong></span> <span class='ocrx_word' id='word_1_113' title='bbox 496 1766 686 1825; x_wconf 88' lang='lat' dir='ltr'><strong>testimonia</strong></span> <span class='ocrx_word' id='word_1_114' title='bbox 712 1763 822 1824; x_wconf 90' lang='lat' dir='ltr'><strong>omnia</strong></span> <span class='ocrx_word' id='word_1_115' title='bbox 849 1760 969 1846; x_wconf 90' lang='lat' dir='ltr'><strong>oppida</strong></span> <span class='ocrx_word' id='word_1_116' title='bbox 996 1764 1086 1823; x_wconf 90' lang='lat' dir='ltr'><strong>inter</strong></span> <span class='ocrx_word' id='word_1_117' title='bbox 1106 1759 1314 1844; x_wconf 84' lang='lat' dir='ltr'><strong>Apenninum</strong></span> <span class='ocrx_word' id='word_1_118' title='bbox 1342 1769 1375 1821; x_wconf 90' lang='lat' dir='ltr'><strong>et</strong></span> <span class='ocrx_word' id='word_1_119' title='bbox 1396 1759 1548 1820; x_wconf 89' lang='lat' dir='ltr'><strong>Tiberim</strong></span> <span class='ocrx_word' id='word_1_120' title='bbox 1569 1758 1645 1822; x_wconf 89' lang='lat' dir='ltr'><strong>inde</strong></span> <span class='ocrx_word' id='word_1_121' title='bbox 1676 1761 1717 1823; x_wconf 91' lang='lat' dir='ltr'><strong>ab</strong></span> <span class='ocrx_word' id='word_1_122' title='bbox 1751 1763 1821 1840; x_wconf 87' lang='lat' dir='ltr'><strong>ejus</strong></span> <span class='ocrx_word' id='word_1_123' title='bbox 1842 1766 1943 1829; x_wconf 80' lang='lat' dir='ltr'><strong>ronti-</strong></span> 
     </span>
     <span class='ocr_line' id='line_1_11' title="bbox 223 1870 1944 1964; baseline 0.003 -26"><span class='ocrx_word' id='word_1_124' title='bbox 223 1876 283 1938; x_wconf 89' lang='lat' dir='ltr'><strong>bus</strong></span> <span class='ocrx_word' id='word_1_125' title='bbox 303 1897 406 1959; x_wconf 90' lang='lat' dir='ltr'><strong>usque</strong></span> <span class='ocrx_word' id='word_1_126' title='bbox 427 1877 468 1940; x_wconf 86' lang='lat' dir='ltr'><strong>ad</strong></span> <span class='ocrx_word' id='word_1_127' title='bbox 488 1878 589 1941; x_wconf 90' lang='lat' dir='ltr'><strong>Naris</strong></span> <span class='ocrx_word' id='word_1_128' title='bbox 615 1883 710 1943; x_wconf 86' lang='lat' dir='ltr'><strong>fluvii</strong></span> <span class='ocrx_word' id='word_1_129' title='bbox 736 1883 819 1942; x_wconf 87' lang='lat' dir='ltr'><strong>ostia</strong></span> <span class='ocrx_word' id='word_1_130' title='bbox 840 1883 910 1942; x_wconf 86' lang='lat' dir='ltr'><strong>sive</strong></span> <span class='ocrx_word' id='word_1_131' title='bbox 931 1900 950 1940; x_wconf 93' lang='lat' dir='ltr'><strong>a</strong></span> <span class='ocrx_word' id='word_1_132' title='bbox 970 1870 1106 1964; x_wconf 84' lang='lat' dir='ltr'><strong>Sapinia</strong></span> <span class='ocrx_word' id='word_1_133' title='bbox 1125 1879 1218 1940; x_wconf 90' lang='lat' dir='ltr'><strong>tribu</strong></span> <span class='ocrx_word' id='word_1_134' title='bbox 1238 1897 1342 1959; x_wconf 90' lang='lat' dir='ltr'><strong>usque</strong></span> <span class='ocrx_word' id='word_1_135' title='bbox 1363 1875 1404 1938; x_wconf 89' lang='lat' dir='ltr'><strong>ad</strong></span> <span class='ocrx_word' id='word_1_136' title='bbox 1424 1875 1624 1939; x_wconf 90' lang='lat' dir='ltr'><strong>Sabinorum</strong></span> <span class='ocrx_word' id='word_1_137' title='bbox 1643 1878 1741 1957; x_wconf 88' lang='lat' dir='ltr'><strong>fines,</strong></span> <span class='ocrx_word' id='word_1_138' title='bbox 1765 1876 1944 1960; x_wconf 81' lang='lat' dir='ltr'><strong>Sestinum,</strong></span> 
     </span>
     <span class='ocr_line' id='line_1_12' title="bbox 223 1992 1945 2085; baseline 0.002 -28"><span class='ocrx_word' id='word_1_139' title='bbox 223 1993 399 2057; x_wconf 81' lang='lat' dir='ltr'><strong>Tifernum</strong></span> <span class='ocrx_word' id='word_1_140' title='bbox 420 1996 638 2075; x_wconf 84' lang='lat' dir='ltr'><strong>Tiberinum,</strong></span> <span class='ocrx_word' id='word_1_141' title='bbox 660 1996 832 2085; x_wconf 73' lang='lat' dir='ltr'><strong>Iguvium,</strong></span> <span class='ocrx_word' id='word_1_142' title='bbox 854 1996 995 2076; x_wconf 90' lang='lat' dir='ltr'><strong>Arnam,</strong></span> <span class='ocrx_word' id='word_1_143' title='bbox 1023 1997 1222 2074; x_wconf 80' lang='lat' dir='ltr'><strong>Vettonum,</strong></span> <span class='ocrx_word' id='word_1_144' title='bbox 1250 1993 1456 2072; x_wconf 80' lang='lat' dir='ltr'><strong>Mevaniam,</strong></span> <span class='ocrx_word' id='word_1_145' title='bbox 1478 1992 1610 2073; x_wconf 89' lang='lat' dir='ltr'><strong>Tuder,</strong></span> <span class='ocrx_word' id='word_1_146' title='bbox 1631 1994 1817 2075; x_wconf 81' lang='lat' dir='ltr'><strong>Ameriam,</strong></span> <span class='ocrx_word' id='word_1_147' title='bbox 1839 1998 1945 2063; x_wconf 91' lang='lat' dir='ltr'><strong>Inter·</strong></span> 
     </span>
     <span class='ocr_line' id='line_1_13' title="bbox 222 2104 979 2200; baseline 0 -25"><span class='ocrx_word' id='word_1_148' title='bbox 222 2132 350 2175; x_wconf 79' lang='lat' dir='ltr'><strong>emnam</strong></span> <span class='ocrx_word' id='word_1_149' title='bbox 371 2124 468 2196; x_wconf 87' lang='lat' dir='ltr'><strong>atque</strong></span> <span class='ocrx_word' id='word_1_150' title='bbox 489 2104 667 2192; x_wconf 83' lang='lat' dir='ltr'><strong>Narniam,</strong></span> <span class='ocrx_word' id='word_1_151' title='bbox 690 2115 979 2200; x_wconf 88' lang='lat' dir='ltr'><strong>complectebatur.</strong></span> 
     </span>
    </p>

    <p class='ocr_par' dir='ltr' id='par_1_2' title="bbox 324 2229 1944 2320">
     <span class='ocr_line' id='line_1_14' title="bbox 324 2229 1944 2320; baseline 0.001 -25"><span class='ocrx_word' id='word_1_152' title='bbox 324 2256 326 2259; x_wconf 67' lang='grc'>’</span> <span class='ocrx_word' id='word_1_153' title='bbox 387 2229 434 2295; x_wconf 72' lang='grc'><strong>7.</strong></span> <span class='ocrx_word' id='word_1_154' title='bbox 460 2230 616 2293; x_wconf 88' lang='lat' dir='ltr'><strong>Tarsinas</strong></span> <span class='ocrx_word' id='word_1_155' title='bbox 637 2230 762 2310; x_wconf 90' lang='lat' dir='ltr'><strong>tribus,</strong></span> <span class='ocrx_word' id='word_1_156' title='bbox 784 2252 924 2315; x_wconf 90' lang='lat' dir='ltr'><strong>qnacnm</strong></span> <span class='ocrx_word' id='word_1_157' title='bbox 946 2231 1085 2320; x_wconf 78' lang='lat' dir='ltr'><strong>Iguvina</strong></span> <span class='ocrx_word' id='word_1_158' title='bbox 1105 2242 1195 2294; x_wconf 83' lang='lat' dir='ltr'><strong>certa</strong></span> <span class='ocrx_word' id='word_1_159' title='bbox 1217 2230 1375 2316; x_wconf 88' lang='lat' dir='ltr'><strong>quaedam</strong></span> <span class='ocrx_word' id='word_1_160' title='bbox 1396 2252 1490 2294; x_wconf 86' lang='lat' dir='ltr'><strong>sacra</strong></span> <span class='ocrx_word' id='word_1_161' title='bbox 1517 2233 1703 2294; x_wconf 89' lang='lat' dir='ltr'><strong>communia</strong></span> <span class='ocrx_word' id='word_1_162' title='bbox 1722 2231 1873 2296; x_wconf 88' lang='lat' dir='ltr'><strong>habuisse</strong></span> <span class='ocrx_word' id='word_1_163' title='bbox 1893 2238 1944 2299; x_wconf 88' lang='lat' dir='ltr'><strong>vi·</strong></span> 
     </span>
    </p>
   </div>
   <div class='ocr_carea' id='block_1_2' title="bbox 222 2320 1944 2436">
    <p class='ocr_par' dir='ltr' id='par_1_3' title="bbox 222 2320 1944 2436">
     <span class='ocr_line' id='line_1_15' title="bbox 222 2320 1944 2436; baseline 0.004 -28"><span class='ocrx_word' id='word_1_164' title='bbox 222 2346 338 2426; x_wconf 88' lang='lat' dir='ltr'><strong>detur,</strong></span> <span class='ocrx_word' id='word_1_165' title='bbox 360 2350 446 2410; x_wconf 89' lang='lat' dir='ltr'><strong>sicut</strong></span> <span class='ocrx_word' id='word_1_166' title='bbox 467 2349 604 2411; x_wconf 86' lang='lat' dir='ltr'><strong>Romani</strong></span> <span class='ocrx_word' id='word_1_167' title='bbox 625 2351 760 2413; x_wconf 77' lang='lat' dir='ltr'><strong>LatInas</strong></span> <span class='ocrx_word' id='word_1_168' title='bbox 781 2353 880 2412; x_wconf 87' lang='lat' dir='ltr'><strong>ferias</strong></span> <span class='ocrx_word' id='word_1_169' title='bbox 901 2370 977 2413; x_wconf 86' lang='lat' dir='ltr'><strong>cnm</strong></span> <span class='ocrx_word' id='word_1_170' title='bbox 997 2351 1127 2413; x_wconf 84' lang='lat' dir='ltr'><strong>Latinis</strong></span> <span class='ocrx_word' id='word_1_171' title='bbox 1148 2350 1279 2434; x_wconf 90' lang='lat' dir='ltr'><strong>populis</strong></span> <span class='ocrx_word' id='word_1_172' title='bbox 1300 2349 1458 2436; x_wconf 81' lang='lat' dir='ltr'><strong>agebant,</strong></span> <span class='ocrx_word' id='word_1_173' title='bbox 1480 2320 1535 2410; x_wconf 87' lang='lat' dir='ltr'><strong>vel</strong></span> <span class='ocrx_word' id='word_1_174' title='bbox 1556 2348 1770 2412; x_wconf 83' lang='lat' dir='ltr'><strong>Athenienses</strong></span> <span class='ocrx_word' id='word_1_175' title='bbox 1791 2353 1826 2412; x_wconf 93' lang='lat' dir='ltr'><strong>in</strong></span> <span class='ocrx_word' id='word_1_176' title='bbox 1846 2372 1944 2435; x_wconf 89' lang='lat' dir='ltr'><strong>pane·</strong></span> 
     </span>
    </p>
   </div>
   <div class='ocr_carea' id='block_1_3' title="bbox 221 2465 1945 4797">
    <p class='ocr_par' dir='ltr' id='par_1_4' title="bbox 221 2465 1945 4797">
     <span class='ocr_line' id='line_1_16' title="bbox 223 2465 1941 2554; baseline 0.003 -28"><span class='ocrx_word' id='word_1_177' title='bbox 223 2467 316 2553; x_wconf 76' lang='lat' dir='ltr'><strong>gyri,</strong></span> <span class='ocrx_word' id='word_1_178' title='bbox 349 2486 433 2548; x_wconf 89' lang='lat' dir='ltr'><strong>quae</strong></span> <span class='ocrx_word' id='word_1_179' title='bbox 454 2467 593 2554; x_wconf 80' lang='lat' dir='ltr'><strong>singulis</strong></span> <span class='ocrx_word' id='word_1_180' title='bbox 615 2470 845 2551; x_wconf 90' lang='lat' dir='ltr'><strong>quinquenniis</strong></span> <span class='ocrx_word' id='word_1_181' title='bbox 861 2468 979 2547; x_wconf 76' lang='lat' dir='ltr'><strong>ciebat,</strong></span> <span class='ocrx_word' id='word_1_182' title='bbox 1012 2489 1072 2553; x_wconf 90' lang='lat' dir='ltr'><strong>per</strong></span> <span class='ocrx_word' id='word_1_183' title='bbox 1100 2488 1295 2553; x_wconf 87' lang='lat' dir='ltr'><strong>praeconem</strong></span> <span class='ocrx_word' id='word_1_184' title='bbox 1322 2467 1422 2528; x_wconf 89' lang='lat' dir='ltr'><strong>simul</strong></span> <span class='ocrx_word' id='word_1_185' title='bbox 1443 2465 1686 2529; x_wconf 87' lang='lat' dir='ltr'><strong>Plataeensibus</strong></span> <span class='ocrx_word' id='word_1_186' title='bbox 1707 2469 1794 2530; x_wconf 92' lang='lat' dir='ltr'><strong>bona</strong></span> <span class='ocrx_word' id='word_1_187' title='bbox 1814 2471 1941 2553; x_wconf 82' lang='lat' dir='ltr'><strong>precari</strong></span> 
     </span>
     <span class='ocr_line' id='line_1_17' title="bbox 223 2582 1945 2672; baseline 0.002 -28"><span class='ocrx_word' id='word_1_188' title='bbox 223 2584 392 2663; x_wconf 89' lang='lat' dir='ltr'><strong>solebant,</strong></span> <span class='ocrx_word' id='word_1_189' title='bbox 441 2595 574 2669; x_wconf 88' lang='lat' dir='ltr'><strong>praeter</strong></span> <span class='ocrx_word' id='word_1_190' title='bbox 594 2586 791 2672; x_wconf 82' lang='lat' dir='ltr'><strong>Japygicum</strong></span> <span class='ocrx_word' id='word_1_191' title='bbox 821 2605 941 2646; x_wconf 88' lang='lat' dir='ltr'><strong>nomen</strong></span> <span class='ocrx_word' id='word_1_192' title='bbox 973 2586 1253 2669; x_wconf 87' lang='lat' dir='ltr'><strong>complectebatur</strong></span> <span class='ocrx_word' id='word_1_193' title='bbox 1273 2584 1493 2659; x_wconf 88' lang='lat' dir='ltr'><strong>Tarsinas,</strong></span> <span class='ocrx_word' id='word_1_194' title='bbox 1526 2582 1729 2644; x_wconf 89' lang='lat' dir='ltr'><strong>Turscum</strong></span> <span class='ocrx_word' id='word_1_195' title='bbox 1760 2587 1830 2647; x_wconf 91' lang='lat' dir='ltr'><strong>sive</strong></span> <span class='ocrx_word' id='word_1_196' title='bbox 1862 2586 1945 2648; x_wconf 89' lang='lat' dir='ltr'><strong>Tu-</strong></span> 
     </span>
     <span class='ocr_line' id='line_1_18' title="bbox 221 2693 1945 2785; baseline 0.002 -23"><span class='ocrx_word' id='word_1_197' title='bbox 221 2721 353 2781; x_wconf 93' lang='lat' dir='ltr'><strong>scum,</strong></span> <span class='ocrx_word' id='word_1_198' title='bbox 391 2703 747 2784; x_wconf 87' lang='lat' dir='ltr'><strong>atqueNaharcum</strong></span> <span class='ocrx_word' id='word_1_199' title='bbox 774 2723 928 2767; x_wconf 89' lang='lat' dir='ltr'><strong>nomen.</strong></span> <span class='ocrx_word' id='word_1_200' title='bbox 973 2697 1070 2781; x_wconf 78' lang='lat' dir='ltr'><strong>Quod</strong></span> <span class='ocrx_word' id='word_1_201' title='bbox 1100 2702 1129 2760; x_wconf 89' lang='lat' dir='ltr'><strong>si</strong></span> <span class='ocrx_word' id='word_1_202' title='bbox 1150 2699 1369 2760; x_wconf 85' lang='lat' dir='ltr'><strong>Tareinate</strong></span> <span class='ocrx_word' id='word_1_203' title='bbox 1400 2700 1533 2759; x_wconf 90' lang='lat' dir='ltr'><strong>nomine</strong></span> <span class='ocrx_word' id='word_1_204' title='bbox 1554 2693 1778 2784; x_wconf 77' lang='grc' dir='ltr'><strong>(Ταρινατε</strong></span> <span class='ocrx_word' id='word_1_205' title='bbox 1812 2722 1945 2785; x_wconf 62' lang='lat' dir='ltr'><strong>rausa</strong></span> 
     </span>
     <span class='ocr_line' id='line_1_19' title="bbox 222 2815 1943 2904; baseline 0.001 -23"><span class='ocrx_word' id='word_1_206' title='bbox 222 2818 285 2899; x_wconf 93' lang='lat' dir='ltr'><strong>IV,</strong></span> <span class='ocrx_word' id='word_1_207' title='bbox 309 2841 339 2899; x_wconf 89' lang='lat' dir='ltr'><strong>a,</strong></span> <span class='ocrx_word' id='word_1_208' title='bbox 365 2824 411 2886; x_wconf 85' lang='grc'><strong>17.</strong></span> <span class='ocrx_word' id='word_1_209' title='bbox 436 2841 513 2882; x_wconf 91' lang='lat' dir='ltr'><strong>casu</strong></span> <span class='ocrx_word' id='word_1_210' title='bbox 535 2821 647 2894; x_wconf 89' lang='lat' dir='ltr'><strong>locali)</strong></span> <span class='ocrx_word' id='word_1_211' title='bbox 669 2818 835 2882; x_wconf 90' lang='lat' dir='ltr'><strong>Tadinum</strong></span> <span class='ocrx_word' id='word_1_212' title='bbox 856 2818 1065 2904; x_wconf 77' lang='lat' dir='ltr'><strong>designatur,</strong></span> <span class='ocrx_word' id='word_1_213' title='bbox 1087 2815 1287 2878; x_wconf 85' lang='lat' dir='ltr'><strong>Turscum</strong></span> <span class='ocrx_word' id='word_1_214' title='bbox 1306 2818 1377 2878; x_wconf 91' lang='lat' dir='ltr'><strong>sive</strong></span> <span class='ocrx_word' id='word_1_215' title='bbox 1399 2816 1574 2877; x_wconf 88' lang='lat' dir='ltr'><strong>Tuscum</strong></span> <span class='ocrx_word' id='word_1_216' title='bbox 1595 2836 1713 2879; x_wconf 90' lang='lat' dir='ltr'><strong>nomen</strong></span> <span class='ocrx_word' id='word_1_217' title='bbox 1734 2839 1799 2880; x_wconf 89' lang='lat' dir='ltr'><strong>non</strong></span> <span class='ocrx_word' id='word_1_218' title='bbox 1821 2818 1862 2881; x_wconf 89' lang='lat' dir='ltr'><strong>ad</strong></span> <span class='ocrx_word' id='word_1_219' title='bbox 1874 2819 1943 2883; x_wconf 90' lang='lat' dir='ltr'><strong>Tn-</strong></span> 
     </span>
     <span class='ocr_line' id='line_1_20' title="bbox 222 2906 1943 3020; baseline 0.001 -21"><span class='ocrx_word' id='word_1_220' title='bbox 222 2959 294 3000; x_wconf 92' lang='lat' dir='ltr'><strong>scos</strong></span> <span class='ocrx_word' id='word_1_221' title='bbox 325 2942 395 3001; x_wconf 86' lang='lat' dir='ltr'><strong>sive</strong></span> <span class='ocrx_word' id='word_1_222' title='bbox 416 2940 589 3015; x_wconf 86' lang='lat' dir='ltr'><strong>Etruscos,</strong></span> <span class='ocrx_word' id='word_1_223' title='bbox 621 2936 676 2999; x_wconf 90' lang='lat' dir='ltr'><strong>sed</strong></span> <span class='ocrx_word' id='word_1_224' title='bbox 705 2935 746 2998; x_wconf 91' lang='lat' dir='ltr'><strong>ad</strong></span> <span class='ocrx_word' id='word_1_225' title='bbox 772 2934 935 2998; x_wconf 87' lang='lat' dir='ltr'><strong>Tudertes</strong></span> <span class='ocrx_word' id='word_1_226' title='bbox 964 2933 1176 2999; x_wconf 84' lang='lat' dir='ltr'><strong>referendum</strong></span> <span class='ocrx_word' id='word_1_227' title='bbox 1205 2944 1271 3014; x_wconf 90' lang='lat' dir='ltr'><strong>est,</strong></span> <span class='ocrx_word' id='word_1_228' title='bbox 1304 2955 1365 3020; x_wconf 89' lang='lat' dir='ltr'><strong>pro</strong></span> <span class='ocrx_word' id='word_1_229' title='bbox 1397 2934 1515 3017; x_wconf 88' lang='lat' dir='ltr'><strong>quibus</strong></span> <span class='ocrx_word' id='word_1_230' title='bbox 1536 2932 1768 2997; x_wconf 88' lang='lat' dir='ltr'><strong>Tudrscnm</strong></span> <span class='ocrx_word' id='word_1_231' title='bbox 1798 2906 1943 3001; x_wconf 77' lang='lat' dir='ltr'><strong>nomen</strong></span> 
     </span>
     <span class='ocr_line' id='line_1_21' title="bbox 222 3050 1944 3141; baseline 0.002 -25"><span class='ocrx_word' id='word_1_232' title='bbox 222 3057 326 3118; x_wconf 87' lang='lat' dir='ltr'><strong>scribi</strong></span> <span class='ocrx_word' id='word_1_233' title='bbox 346 3058 473 3141; x_wconf 91' lang='lat' dir='ltr'><strong>potuit,</strong></span> <span class='ocrx_word' id='word_1_234' title='bbox 494 3058 581 3117; x_wconf 77' lang='lat' dir='ltr'><strong>slent</strong></span> <span class='ocrx_word' id='word_1_235' title='bbox 599 3054 633 3116; x_wconf 95' lang='lat' dir='ltr'><strong>N</strong></span> <span class='ocrx_word' id='word_1_236' title='bbox 639 3055 835 3116; x_wconf 85' lang='lat' dir='ltr'><strong>aharcnm</strong></span> <span class='ocrx_word' id='word_1_237' title='bbox 856 3072 999 3115; x_wconf 88' lang='lat' dir='ltr'><strong>nomen</strong></span> <span class='ocrx_word' id='word_1_238' title='bbox 1020 3072 1082 3137; x_wconf 89' lang='lat' dir='ltr'><strong>pro</strong></span> <span class='ocrx_word' id='word_1_239' title='bbox 1102 3051 1309 3114; x_wconf 83' lang='lat' dir='ltr'><strong>Nahartibus</strong></span> <span class='ocrx_word' id='word_1_240' title='bbox 1329 3054 1400 3114; x_wconf 89' lang='lat' dir='ltr'><strong>sive</strong></span> <span class='ocrx_word' id='word_1_241' title='bbox 1420 3050 1581 3114; x_wconf 85' lang='lat' dir='ltr'><strong>Nartibns</strong></span> <span class='ocrx_word' id='word_1_242' title='bbox 1602 3051 1634 3117; x_wconf 89' lang='lat' dir='ltr'><strong>h.</strong></span> <span class='ocrx_word' id='word_1_243' title='bbox 1656 3072 1684 3119; x_wconf 88' lang='lat' dir='ltr'><strong>e.</strong></span> <span class='ocrx_word' id='word_1_244' title='bbox 1714 3053 1944 3120; x_wconf 87' lang='lat' dir='ltr'><strong>Interamnati-</strong></span> 
     </span>
     <span class='ocr_line' id='line_1_22' title="bbox 223 3167 1943 3261; baseline 0.001 -25"><span class='ocrx_word' id='word_1_245' title='bbox 223 3173 283 3236; x_wconf 90' lang='lat' dir='ltr'><strong>bus</strong></span> <span class='ocrx_word' id='word_1_246' title='bbox 316 3171 358 3235; x_wconf 93' lang='lat' dir='ltr'><strong>ad</strong></span> <span class='ocrx_word' id='word_1_247' title='bbox 379 3172 512 3236; x_wconf 88' lang='lat' dir='ltr'><strong>Narem</strong></span> <span class='ocrx_word' id='word_1_248' title='bbox 535 3174 674 3235; x_wconf 85' lang='lat' dir='ltr'><strong>fluvium</strong></span> <span class='ocrx_word' id='word_1_249' title='bbox 705 3171 883 3235; x_wconf 86' lang='lat' dir='ltr'><strong>secundum</strong></span> <span class='ocrx_word' id='word_1_250' title='bbox 904 3171 1006 3232; x_wconf 89' lang='lat' dir='ltr'><strong>Plinii</strong></span> <span class='ocrx_word' id='word_1_251' title='bbox 1026 3170 1071 3232; x_wconf 91' lang='lat' dir='ltr'><strong>H.</strong></span> <span class='ocrx_word' id='word_1_252' title='bbox 1094 3169 1137 3232; x_wconf 94' lang='lat' dir='ltr'><strong>N.</strong></span> <span class='ocrx_word' id='word_1_253' title='bbox 1162 3169 1224 3248; x_wconf 95' lang='lat' dir='ltr'><strong>IIl,</strong></span> <span class='ocrx_word' id='word_1_254' title='bbox 1248 3174 1286 3235; x_wconf 84' lang='lat'><strong>19</strong></span> <span class='ocrx_word' id='word_1_255' title='bbox 1315 3167 1384 3248; x_wconf 79' lang='lat'>(14)</span> <span class='ocrx_word' id='word_1_256' title='bbox 1415 3170 1661 3252; x_wconf 85' lang='lat' dir='ltr'><strong>multarumque</strong></span> <span class='ocrx_word' id='word_1_257' title='bbox 1693 3173 1943 3261; x_wconf 79' lang='lat' dir='ltr'><strong>inscriptIonum</strong></span> 
     </span>
     <span class='ocr_line' id='line_1_23' title="bbox 224 3266 1944 3377; baseline -0.003 -23"><span class='ocrx_word' id='word_1_258' title='bbox 224 3290 311 3377; x_wconf 68' lang='lat' dir='ltr'><strong>apuu</strong></span> <span class='ocrx_word' id='word_1_259' title='bbox 333 3290 466 3355; x_wconf 68' lang='lat' dir='ltr'><strong>crater.</strong></span> <span class='ocrx_word' id='word_1_260' title='bbox 492 3288 681 3369; x_wconf 83' lang='lat' dir='ltr'><strong>ccecvu,</strong></span> <span class='ocrx_word' id='word_1_261' title='bbox 706 3295 733 3356; x_wconf 86' lang='grc' dir='ltr'><strong>ι.</strong></span> <span class='ocrx_word' id='word_1_262' title='bbox 758 3266 979 3367; x_wconf 85' lang='lat' dir='ltr'><strong>ccccxxu,</strong></span> <span class='ocrx_word' id='word_1_263' title='bbox 1003 3293 1031 3354; x_wconf 67' lang='grc' dir='ltr'><strong>τ.</strong></span> <span class='ocrx_word' id='word_1_264' title='bbox 1061 3285 1247 3365; x_wconf 79' lang='lat' dir='ltr'><strong>ccccnv,</strong></span> <span class='ocrx_word' id='word_1_265' title='bbox 1269 3291 1300 3353; x_wconf 77' lang='lat'><strong>4.</strong></span> <span class='ocrx_word' id='word_1_266' title='bbox 1331 3298 1363 3350; x_wconf 74' lang='lat' dir='ltr'><strong>a</strong></span> <span class='ocrx_word' id='word_1_267' title='bbox 1383 3287 1509 3352; x_wconf 68' lang='lat' dir='ltr'><strong>murat.</strong></span> <span class='ocrx_word' id='word_1_268' title='bbox 1532 3285 1630 3365; x_wconf 74' lang='lat' dir='ltr'><strong>mar,</strong></span> <span class='ocrx_word' id='word_1_269' title='bbox 1652 3290 1672 3353; x_wconf 78' lang='grc'><strong>1</strong></span> <span class='ocrx_word' id='word_1_270' title='bbox 1693 3299 1726 3350; x_wconf 69' lang='lat' dir='ltr'><strong>et</strong></span> <span class='ocrx_word' id='word_1_271' title='bbox 1745 3292 1776 3355; x_wconf 76' lang='lat' dir='ltr'><strong>a.</strong></span> <span class='ocrx_word' id='word_1_272' title='bbox 1798 3295 1944 3356; x_wconf 63' lang='lat' dir='ltr'><strong>asama</strong></span> 
     </span>
     <span class='ocr_line' id='line_1_24' title="bbox 222 3402 1944 3496; baseline 0.002 -24"><span class='ocrx_word' id='word_1_273' title='bbox 222 3414 288 3472; x_wconf 88' lang='lat' dir='ltr'><strong>nia.</strong></span> <span class='ocrx_word' id='word_1_274' title='bbox 335 3408 489 3472; x_wconf 89' lang='lat' dir='ltr'><strong>Ceterum</strong></span> <span class='ocrx_word' id='word_1_275' title='bbox 521 3430 745 3492; x_wconf 80' lang='lat' dir='ltr'><strong>qnumseso</strong></span> <span class='ocrx_word' id='word_1_276' title='bbox 770 3406 976 3496; x_wconf 75' lang='grc' dir='ltr'><strong>Ταρινατε</strong></span> <span class='ocrx_word' id='word_1_277' title='bbox 1005 3403 1134 3493; x_wconf 63' lang='lat' dir='ltr'><strong>adsue</strong></span> <span class='ocrx_word' id='word_1_278' title='bbox 1165 3408 1235 3468; x_wconf 89' lang='lat' dir='ltr'><strong>sine</strong></span> <span class='ocrx_word' id='word_1_279' title='bbox 1257 3402 1358 3466; x_wconf 92' lang='lat' dir='ltr'><strong>dubio</strong></span> <span class='ocrx_word' id='word_1_280' title='bbox 1380 3423 1441 3488; x_wconf 87' lang='lat' dir='ltr'><strong>pro</strong></span> <span class='ocrx_word' id='word_1_281' title='bbox 1464 3415 1553 3467; x_wconf 88' lang='lat' dir='ltr'><strong>tota</strong></span> <span class='ocrx_word' id='word_1_282' title='bbox 1574 3405 1802 3470; x_wconf 86' lang='lat' dir='ltr'><strong>Tareinate</strong></span> <span class='ocrx_word' id='word_1_283' title='bbox 1823 3411 1944 3474; x_wconf 88' lang='lat' dir='ltr'><strong>tribu</strong></span> 
     </span>
     <span class='ocr_line' id='line_1_25' title="bbox 223 3522 1941 3614; baseline 0.002 -26"><span class='ocrx_word' id='word_1_284' title='bbox 223 3532 385 3614; x_wconf 88' lang='lat' dir='ltr'><strong>scriptum</strong></span> <span class='ocrx_word' id='word_1_285' title='bbox 406 3531 464 3607; x_wconf 90' lang='lat' dir='ltr'><strong>sit,</strong></span> <span class='ocrx_word' id='word_1_286' title='bbox 487 3548 582 3590; x_wconf 87' lang='lat' dir='ltr'><strong>nemo</strong></span> <span class='ocrx_word' id='word_1_287' title='bbox 604 3547 679 3589; x_wconf 89' lang='lat' dir='ltr'><strong>cum</strong></span> <span class='ocrx_word' id='word_1_288' title='bbox 700 3527 821 3611; x_wconf 87' lang='lat' dir='ltr'><strong>Lepsio</strong></span> <span class='ocrx_word' id='word_1_289' title='bbox 842 3528 878 3587; x_wconf 96' lang='lat' dir='ltr'><strong>in</strong></span> <span class='ocrx_word' id='word_1_290' title='bbox 899 3524 1054 3587; x_wconf 84' lang='lat' dir='ltr'><strong>Rhenano</strong></span> <span class='ocrx_word' id='word_1_291' title='bbox 1077 3522 1194 3585; x_wconf 90' lang='lat' dir='ltr'><strong>Museo</strong></span> <span class='ocrx_word' id='word_1_292' title='bbox 1216 3522 1421 3608; x_wconf 81' lang='lat' dir='ltr'><strong>philologico</strong></span> <span class='ocrx_word' id='word_1_293' title='bbox 1443 3542 1472 3586; x_wconf 89' lang='lat' dir='ltr'><strong>a.</strong></span> <span class='ocrx_word' id='word_1_294' title='bbox 1496 3525 1586 3589; x_wconf 80' lang='grc'><strong>1834.</strong></span> <span class='ocrx_word' id='word_1_295' title='bbox 1610 3543 1683 3610; x_wconf 83' lang='lat' dir='ltr'><strong>pag.</strong></span> <span class='ocrx_word' id='word_1_296' title='bbox 1709 3528 1778 3592; x_wconf 79' lang='lat'><strong>196.</strong></span> <span class='ocrx_word' id='word_1_297' title='bbox 1801 3529 1941 3609; x_wconf 86' lang='lat' dir='ltr'><strong>putabit,</strong></span> 
     </span>
     <span class='ocr_line' id='line_1_26' title="bbox 222 3640 1942 3731; baseline -0.001 -23"><span class='ocrx_word' id='word_1_298' title='bbox 222 3647 257 3708; x_wconf 91' lang='lat' dir='ltr'><strong>in</strong></span> <span class='ocrx_word' id='word_1_299' title='bbox 278 3666 361 3708; x_wconf 88' lang='lat' dir='ltr'><strong>voce</strong></span> <span class='ocrx_word' id='word_1_300' title='bbox 384 3657 473 3709; x_wconf 90' lang='lat' dir='ltr'><strong>tota</strong></span> <span class='ocrx_word' id='word_1_301' title='bbox 494 3646 745 3722; x_wconf 90' lang='lat' dir='ltr'><strong>substantivum,</strong></span> <span class='ocrx_word' id='word_1_302' title='bbox 766 3647 801 3705; x_wconf 91' lang='lat' dir='ltr'><strong>in</strong></span> <span class='ocrx_word' id='word_1_303' title='bbox 819 3643 994 3731; x_wconf 73' lang='lat' dir='ltr'><strong>Iguvina</strong></span> <span class='ocrx_word' id='word_1_304' title='bbox 1016 3640 1216 3721; x_wconf 83' lang='lat' dir='ltr'><strong>adjectivum</strong></span> <span class='ocrx_word' id='word_1_305' title='bbox 1238 3642 1358 3703; x_wconf 84' lang='lat' dir='ltr'><strong>latere:</strong></span> <span class='ocrx_word' id='word_1_306' title='bbox 1382 3644 1579 3725; x_wconf 81' lang='lat' dir='ltr'><strong>praesersIm</strong></span> <span class='ocrx_word' id='word_1_307' title='bbox 1601 3662 1703 3722; x_wconf 89' lang='lat' dir='ltr'><strong>quum</strong></span> <span class='ocrx_word' id='word_1_308' title='bbox 1724 3644 1759 3703; x_wconf 89' lang='lat' dir='ltr'><strong>in</strong></span> <span class='ocrx_word' id='word_1_309' title='bbox 1781 3663 1819 3704; x_wconf 88' lang='lat' dir='ltr'><strong>eo</strong></span> <span class='ocrx_word' id='word_1_310' title='bbox 1840 3649 1942 3707; x_wconf 87' lang='lat' dir='ltr'><strong>sacri-</strong></span> 
     </span>
     <span class='ocr_line' id='line_1_27' title="bbox 223 3758 1939 3848; baseline -0.002 -23"><span class='ocrx_word' id='word_1_311' title='bbox 223 3765 319 3844; x_wconf 89' lang='lat' dir='ltr'><strong>ficio,</strong></span> <span class='ocrx_word' id='word_1_312' title='bbox 342 3762 430 3848; x_wconf 93' lang='lat' dir='ltr'><strong>quod</strong></span> <span class='ocrx_word' id='word_1_313' title='bbox 451 3764 606 3827; x_wconf 91' lang='lat' dir='ltr'><strong>vesclir</strong></span> <span class='ocrx_word' id='word_1_314' title='bbox 628 3761 743 3824; x_wconf 90' lang='lat' dir='ltr'><strong>adrir</strong></span> <span class='ocrx_word' id='word_1_315' title='bbox 763 3783 787 3823; x_wconf 82' lang='lat' dir='ltr'><strong>s.</strong></span> <span class='ocrx_word' id='word_1_316' title='bbox 811 3761 955 3824; x_wconf 86' lang='lat' dir='ltr'><strong>vasculis</strong></span> <span class='ocrx_word' id='word_1_317' title='bbox 976 3762 1058 3822; x_wconf 90' lang='lat' dir='ltr'><strong>atris</strong></span> <span class='ocrx_word' id='word_1_318' title='bbox 1078 3760 1127 3838; x_wconf 87' lang='lat' dir='ltr'><strong>fit,</strong></span> <span class='ocrx_word' id='word_1_319' title='bbox 1149 3758 1226 3836; x_wconf 90' lang='lat' dir='ltr'><strong>Vll,</strong></span> <span class='ocrx_word' id='word_1_320' title='bbox 1246 3778 1277 3837; x_wconf 90' lang='lat' dir='ltr'><strong>a,</strong></span> <span class='ocrx_word' id='word_1_321' title='bbox 1297 3763 1344 3823; x_wconf 86' lang='lat' dir='ltr'><strong>ll.</strong></span> <span class='ocrx_word' id='word_1_322' title='bbox 1367 3768 1455 3820; x_wconf 91' lang='lat' dir='ltr'><strong>tote</strong></span> <span class='ocrx_word' id='word_1_323' title='bbox 1476 3758 1702 3820; x_wconf 87' lang='lat' dir='ltr'><strong>Tarsinate</strong></span> <span class='ocrx_word' id='word_1_324' title='bbox 1723 3762 1843 3839; x_wconf 80' lang='lat' dir='ltr'><strong>trifo,</strong></span> <span class='ocrx_word' id='word_1_325' title='bbox 1865 3761 1939 3827; x_wconf 82' lang='lat' dir='ltr'><strong>h.e.</strong></span> 
     </span>
     <span class='ocr_line' id='line_1_28' title="bbox 223 3872 1942 3966; baseline 0 -21"><span class='ocrx_word' id='word_1_326' title='bbox 223 3887 286 3945; x_wconf 86' lang='lat' dir='ltr'><strong>toti</strong></span> <span class='ocrx_word' id='word_1_327' title='bbox 307 3882 478 3945; x_wconf 81' lang='lat' dir='ltr'><strong>Tareinati</strong></span> <span class='ocrx_word' id='word_1_328' title='bbox 499 3882 619 3957; x_wconf 88' lang='lat' dir='ltr'><strong>tribui,</strong></span> <span class='ocrx_word' id='word_1_329' title='bbox 635 3911 637 3915; x_wconf 43' lang='lat'><em>⁷</em></span> <span class='ocrx_word' id='word_1_330' title='bbox 652 3880 803 3966; x_wconf 79' lang='lat' dir='ltr'><strong>legatur,</strong></span> <span class='ocrx_word' id='word_1_331' title='bbox 835 3875 1110 3961; x_wconf 82' lang='lat' dir='ltr'><strong>quemadmodum</strong></span> <span class='ocrx_word' id='word_1_332' title='bbox 1130 3879 1166 3938; x_wconf 94' lang='lat' dir='ltr'><strong>in</strong></span> <span class='ocrx_word' id='word_1_333' title='bbox 1188 3896 1245 3954; x_wconf 90' lang='lat' dir='ltr'><strong>eo,</strong></span> <span class='ocrx_word' id='word_1_334' title='bbox 1279 3872 1367 3958; x_wconf 91' lang='lat' dir='ltr'><strong>qnod</strong></span> <span class='ocrx_word' id='word_1_335' title='bbox 1393 3877 1430 3938; x_wconf 91' lang='lat' dir='ltr'><strong>fit</strong></span> <span class='ocrx_word' id='word_1_336' title='bbox 1450 3876 1609 3937; x_wconf 87' lang='lat' dir='ltr'><strong>vesclir</strong></span> <span class='ocrx_word' id='word_1_337' title='bbox 1631 3875 1690 3937; x_wconf 84' lang='lat' dir='ltr'><strong>alf</strong></span> <span class='ocrx_word' id='word_1_338' title='bbox 1695 3878 1734 3936; x_wconf 91' lang='lat' dir='ltr'><strong>ir</strong></span> <span class='ocrx_word' id='word_1_339' title='bbox 1753 3897 1777 3941; x_wconf 87' lang='lat' dir='ltr'><strong>s.</strong></span> <span class='ocrx_word' id='word_1_340' title='bbox 1800 3881 1942 3945; x_wconf 86' lang='lat' dir='ltr'><strong>vasculis</strong></span> 
     </span>
     <span class='ocr_line' id='line_1_29' title="bbox 225 3991 1943 4082; baseline -0.001 -21"><span class='ocrx_word' id='word_1_341' title='bbox 225 4001 308 4061; x_wconf 89' lang='lat' dir='ltr'><strong>albis</strong></span> <span class='ocrx_word' id='word_1_342' title='bbox 329 4000 410 4078; x_wconf 94' lang='lat' dir='ltr'><strong>VII,</strong></span> <span class='ocrx_word' id='word_1_343' title='bbox 432 4002 549 4077; x_wconf 79' lang='lat' dir='ltr'><strong>a,‘27.,</strong></span> <span class='ocrx_word' id='word_1_344' title='bbox 582 3997 705 4082; x_wconf 90' lang='lat' dir='ltr'><strong>pople</strong></span> <span class='ocrx_word' id='word_1_345' title='bbox 726 4007 838 4059; x_wconf 90' lang='lat' dir='ltr'><strong>totar</strong></span> <span class='ocrx_word' id='word_1_346' title='bbox 857 3995 1063 4075; x_wconf 87' lang='lat' dir='ltr'><strong>ljovinar,</strong></span> <span class='ocrx_word' id='word_1_347' title='bbox 1092 3993 1125 4056; x_wconf 91' lang='lat' dir='ltr'><strong>h.</strong></span> <span class='ocrx_word' id='word_1_348' title='bbox 1149 4015 1177 4056; x_wconf 96' lang='grc' dir='ltr'><strong>ε.</strong></span> <span class='ocrx_word' id='word_1_349' title='bbox 1207 3993 1330 4078; x_wconf 89' lang='lat' dir='ltr'><strong>populo</strong></span> <span class='ocrx_word' id='word_1_350' title='bbox 1358 3995 1459 4055; x_wconf 88' lang='lat' dir='ltr'><strong>totins</strong></span> <span class='ocrx_word' id='word_1_351' title='bbox 1480 3991 1639 4078; x_wconf 79' lang='lat' dir='ltr'><strong>Iguvinae</strong></span> <span class='ocrx_word' id='word_1_352' title='bbox 1661 3991 1792 4072; x_wconf 87' lang='lat' dir='ltr'><strong>(urbis).</strong></span> <span class='ocrx_word' id='word_1_353' title='bbox 1836 3998 1943 4066; x_wconf 86' lang='lat' dir='ltr'><strong>Etiam</strong></span> 
     </span>
     <span class='ocr_line' id='line_1_30' title="bbox 225 4109 1943 4201; baseline -0.001 -23"><span class='ocrx_word' id='word_1_354' title='bbox 225 4119 260 4178; x_wconf 92' lang='lat' dir='ltr'><strong>in</strong></span> <span class='ocrx_word' id='word_1_355' title='bbox 281 4120 423 4179; x_wconf 89' lang='lat' dir='ltr'><strong>nummis</strong></span> <span class='ocrx_word' id='word_1_356' title='bbox 445 4116 661 4198; x_wconf 84' lang='lat' dir='ltr'><strong>inscriptione</strong></span> <span class='ocrx_word' id='word_1_357' title='bbox 682 4114 853 4177; x_wconf 77' lang='lat' dir='ltr'><strong>Ixervt</strong></span> <span class='ocrx_word' id='word_1_358' title='bbox 874 4132 938 4175; x_wconf 89' lang='lat' dir='ltr'><strong>non</strong></span> <span class='ocrx_word' id='word_1_359' title='bbox 960 4112 1109 4201; x_wconf 77' lang='lat' dir='ltr'><strong>Iguvini,</strong></span> <span class='ocrx_word' id='word_1_360' title='bbox 1131 4109 1206 4189; x_wconf 88' lang='lat' dir='ltr'><strong>sed,</strong></span> <span class='ocrx_word' id='word_1_361' title='bbox 1228 4114 1316 4173; x_wconf 89' lang='lat' dir='ltr'><strong>sicut</strong></span> <span class='ocrx_word' id='word_1_362' title='bbox 1336 4114 1371 4173; x_wconf 87' lang='lat' dir='ltr'><strong>in</strong></span> <span class='ocrx_word' id='word_1_363' title='bbox 1393 4109 1468 4171; x_wconf 88' lang='lat' dir='ltr'><strong>aliis</strong></span> <span class='ocrx_word' id='word_1_364' title='bbox 1489 4112 1632 4173; x_wconf 91' lang='lat' dir='ltr'><strong>nummis</strong></span> <span class='ocrx_word' id='word_1_365' title='bbox 1652 4110 1835 4198; x_wconf 85' lang='lat' dir='ltr'><strong>Umbricis,</strong></span> <span class='ocrx_word' id='word_1_366' title='bbox 1864 4122 1943 4183; x_wconf 80' lang='lat' dir='ltr'><strong>urbs</strong></span> 
     </span>
     <span class='ocr_line' id='line_1_31' title="bbox 225 4229 1943 4320; baseline 0.002 -24"><span class='ocrx_word' id='word_1_367' title='bbox 225 4233 391 4320; x_wconf 77' lang='lat' dir='ltr'><strong>designari</strong></span> <span class='ocrx_word' id='word_1_368' title='bbox 413 4232 562 4313; x_wconf 87' lang='lat' dir='ltr'><strong>videtur,</strong></span> <span class='ocrx_word' id='word_1_369' title='bbox 586 4243 682 4316; x_wconf 89' lang='lat' dir='ltr'><strong>atque</strong></span> <span class='ocrx_word' id='word_1_370' title='bbox 703 4230 841 4293; x_wconf 87' lang='lat' dir='ltr'><strong>Miletus</strong></span> <span class='ocrx_word' id='word_1_371' title='bbox 862 4250 992 4314; x_wconf 92' lang='lat' dir='ltr'><strong>quoque</strong></span> <span class='ocrx_word' id='word_1_372' title='bbox 1012 4230 1212 4293; x_wconf 89' lang='lat' dir='ltr'><strong>Miletina</strong></span> <span class='ocrx_word' id='word_1_373' title='bbox 1233 4240 1372 4292; x_wconf 87' lang='lat' dir='ltr'><strong>vocatur</strong></span> <span class='ocrx_word' id='word_1_374' title='bbox 1392 4231 1427 4289; x_wconf 94' lang='lat' dir='ltr'><strong>in</strong></span> <span class='ocrx_word' id='word_1_375' title='bbox 1447 4229 1576 4309; x_wconf 86' lang='lat' dir='ltr'><strong>verbis,</strong></span> <span class='ocrx_word' id='word_1_376' title='bbox 1598 4241 1723 4295; x_wconf 87' lang='lat' dir='ltr'><strong>vestem</strong></span> <span class='ocrx_word' id='word_1_377' title='bbox 1743 4256 1943 4320; x_wconf 84' lang='lat' dir='ltr'><strong>purpuream</strong></span> 
     </span>
     <span class='ocr_line' id='line_1_32' title="bbox 225 4347 1941 4434; baseline 0.003 -20"><span class='ocrx_word' id='word_1_378' title='bbox 225 4351 445 4414; x_wconf 88' lang='lat' dir='ltr'><strong>indicantibus</strong></span> <span class='ocrx_word' id='word_1_379' title='bbox 466 4351 529 4428; x_wconf 93' lang='lat' dir='ltr'><strong>VI,</strong></span> <span class='ocrx_word' id='word_1_380' title='bbox 551 4350 583 4429; x_wconf 92' lang='lat' dir='ltr'><strong>b,</strong></span> <span class='ocrx_word' id='word_1_381' title='bbox 608 4355 669 4428; x_wconf 74' lang='lat'><strong>13,</strong></span> <span class='ocrx_word' id='word_1_382' title='bbox 691 4358 867 4427; x_wconf 75' lang='lat' dir='ltr'><strong>tettome</strong></span> <span class='ocrx_word' id='word_1_383' title='bbox 888 4347 1130 4427; x_wconf 87' lang='lat' dir='ltr'><strong>Miletinar,</strong></span> <span class='ocrx_word' id='word_1_384' title='bbox 1163 4351 1191 4410; x_wconf 88' lang='lat' dir='ltr'><strong>si</strong></span> <span class='ocrx_word' id='word_1_385' title='bbox 1212 4351 1431 4411; x_wconf 82' lang='lat' dir='ltr'><strong>conferuntur</strong></span> <span class='ocrx_word' id='word_1_386' title='bbox 1451 4347 1554 4411; x_wconf 87' lang='lat' dir='ltr'><strong>verba</strong></span> <span class='ocrx_word' id='word_1_387' title='bbox 1581 4357 1749 4413; x_wconf 89' lang='lat' dir='ltr'><strong>tettome</strong></span> <span class='ocrx_word' id='word_1_388' title='bbox 1769 4351 1803 4414; x_wconf 96' lang='lat' dir='ltr'><strong>N</strong></span> <span class='ocrx_word' id='word_1_389' title='bbox 1809 4357 1941 4434; x_wconf 88' lang='lat' dir='ltr'><strong>oniar,</strong></span> 
     </span>
     <span class='ocr_line' id='line_1_33' title="bbox 224 4465 1941 4554; baseline 0 -20"><span class='ocrx_word' id='word_1_390' title='bbox 224 4481 395 4534; x_wconf 86' lang='lat' dir='ltr'><strong>tettome</strong></span> <span class='ocrx_word' id='word_1_391' title='bbox 416 4467 526 4530; x_wconf 86' lang='lat' dir='ltr'><strong>Salier</strong></span> <span class='ocrx_word' id='word_1_392' title='bbox 556 4466 758 4545; x_wconf 80' lang='lat' dir='ltr'><strong>V1,b,1t.‚</strong></span> <span class='ocrx_word' id='word_1_393' title='bbox 792 4466 823 4533; x_wconf 84' lang='lat' dir='ltr'><strong>h.</strong></span> <span class='ocrx_word' id='word_1_394' title='bbox 846 4486 873 4529; x_wconf 91' lang='grc' dir='ltr'><strong>ε.</strong></span> <span class='ocrx_word' id='word_1_395' title='bbox 908 4487 983 4529; x_wconf 89' lang='lat' dir='ltr'><strong>cum</strong></span> <span class='ocrx_word' id='word_1_396' title='bbox 1013 4475 1103 4531; x_wconf 84' lang='lat' dir='ltr'><strong>texto</strong></span> <span class='ocrx_word' id='word_1_397' title='bbox 1133 4465 1272 4528; x_wconf 89' lang='lat' dir='ltr'><strong>Nonnae</strong></span> <span class='ocrx_word' id='word_1_398' title='bbox 1304 4465 1465 4550; x_wconf 78' lang='grc' dir='ltr'>(Νυμφᾶς</span> <span class='ocrx_word' id='word_1_399' title='bbox 1496 4467 1567 4528; x_wconf 90' lang='lat' dir='ltr'><strong>sive</strong></span> <span class='ocrx_word' id='word_1_400' title='bbox 1599 4467 1738 4553; x_wconf 82' lang='lat' dir='ltr'><strong>virginis</strong></span> <span class='ocrx_word' id='word_1_401' title='bbox 1770 4468 1941 4554; x_wconf 87' lang='lat' dir='ltr'><strong>Vestalis),</strong></span> 
     </span>
     <span class='ocr_line' id='line_1_34' title="bbox 227 4564 1943 4667; baseline -0.005 -15"><span class='ocrx_word' id='word_1_402' title='bbox 227 4609 302 4651; x_wconf 89' lang='lat' dir='ltr'><strong>cum</strong></span> <span class='ocrx_word' id='word_1_403' title='bbox 332 4596 422 4650; x_wconf 84' lang='lat' dir='ltr'><strong>texto</strong></span> <span class='ocrx_word' id='word_1_404' title='bbox 444 4584 538 4648; x_wconf 88' lang='lat' dir='ltr'><strong>Salii.</strong></span> <span class='ocrx_word' id='word_1_405' title='bbox 593 4583 873 4666; x_wconf 74' lang='lat' dir='ltr'><strong>Quemadmodum</strong></span> <span class='ocrx_word' id='word_1_406' title='bbox 904 4587 939 4645; x_wconf 94' lang='lat' dir='ltr'><strong>in</strong></span> <span class='ocrx_word' id='word_1_407' title='bbox 975 4594 1112 4667; x_wconf 89' lang='lat' dir='ltr'><strong>quartae</strong></span> <span class='ocrx_word' id='word_1_408' title='bbox 1143 4583 1275 4646; x_wconf 85' lang='lat' dir='ltr'><strong>tabulae</strong></span> <span class='ocrx_word' id='word_1_409' title='bbox 1306 4593 1400 4667; x_wconf 86' lang='lat' dir='ltr'><strong>parte</strong></span> <span class='ocrx_word' id='word_1_410' title='bbox 1421 4564 1605 4667; x_wconf 59' lang='lat' dir='ltr'><strong>postssriore</strong></span> <span class='ocrx_word' id='word_1_411' title='bbox 1625 4583 1687 4662; x_wconf 92' lang='lat' dir='ltr'><strong>IV,</strong></span> <span class='ocrx_word' id='word_1_412' title='bbox 1710 4606 1740 4663; x_wconf 91' lang='lat' dir='ltr'><strong>a,</strong></span> <span class='ocrx_word' id='word_1_413' title='bbox 1762 4588 1791 4649; x_wconf 85' lang='lat'><strong>2.</strong></span> <span class='ocrx_word' id='word_1_414' title='bbox 1819 4589 1849 4653; x_wconf 83' lang='lat'><strong>5.</strong></span> <span class='ocrx_word' id='word_1_415' title='bbox 1871 4612 1943 4656; x_wconf 73' lang='lat' dir='ltr'><strong>aa.</strong></span> 
     </span>
     <span class='ocr_line' id='line_1_35' title="bbox 228 4696 1944 4797; baseline 0.001 -29"><span class='ocrx_word' id='word_1_416' title='bbox 228 4701 396 4791; x_wconf 76' lang='grc' dir='ltr'><strong>πλεπεῤ</strong></span> <span class='ocrx_word' id='word_1_417' title='bbox 417 4723 544 4778; x_wconf 74' lang='lat' dir='ltr'><strong>sarug</strong></span> <span class='ocrx_word' id='word_1_418' title='bbox 565 4703 776 4780; x_wconf 72' lang='lat' dir='ltr'><strong>IteFtvac,</strong></span> <span class='ocrx_word' id='word_1_419' title='bbox 796 4696 984 4782; x_wconf 76' lang='grc' dir='ltr'><strong>τεταπεῤ</strong></span> <span class='ocrx_word' id='word_1_420' title='bbox 1006 4703 1179 4766; x_wconf 80' lang='lat' dir='ltr'><strong>IteFtva</strong></span> <span class='ocrx_word' id='word_1_421' title='bbox 1200 4703 1359 4786; x_wconf 87' lang='lat' dir='ltr'><strong>scriptum</strong></span> <span class='ocrx_word' id='word_1_422' title='bbox 1374 4712 1431 4779; x_wconf 89' lang='lat' dir='ltr'><strong>est,</strong></span> <span class='ocrx_word' id='word_1_423' title='bbox 1453 4703 1501 4764; x_wconf 91' lang='lat' dir='ltr'><strong>sic</strong></span> <span class='ocrx_word' id='word_1_424' title='bbox 1521 4704 1556 4762; x_wconf 93' lang='lat' dir='ltr'><strong>in</strong></span> <span class='ocrx_word' id='word_1_425' title='bbox 1580 4711 1673 4785; x_wconf 86' lang='lat' dir='ltr'><strong>parte</strong></span> <span class='ocrx_word' id='word_1_426' title='bbox 1693 4705 1808 4785; x_wconf 88' lang='lat' dir='ltr'><strong>priore</strong></span> <span class='ocrx_word' id='word_1_427' title='bbox 1828 4707 1944 4797; x_wconf 73' lang='grc' dir='ltr'><strong>εκρι-</strong></span> 
     </span>
    </p>
   </div>
   <div class='ocr_carea' id='block_1_4' title="bbox 229 4818 1943 5000">
    <p class='ocr_par' dir='ltr' id='par_1_5' title="bbox 229 4818 1943 5000">
     <span class='ocr_line' id='line_1_36' title="bbox 229 4818 1943 4911; baseline 0.001 -24"><span class='ocrx_word' id='word_1_428' title='bbox 229 4821 303 4911; x_wconf 77' lang='grc' dir='ltr'><strong>πεῤ</strong></span> <span class='ocrx_word' id='word_1_429' title='bbox 328 4824 467 4896; x_wconf 68' lang='lat' dir='ltr'><strong>wrote,</strong></span> <span class='ocrx_word' id='word_1_430' title='bbox 488 4818 676 4904; x_wconf 73' lang='grc' dir='ltr'><strong>τεταπεῤ</strong></span> <span class='ocrx_word' id='word_1_431' title='bbox 697 4820 890 4899; x_wconf 76' lang='lat' dir='ltr'><strong>IneFtsu,</strong></span> <span class='ocrx_word' id='word_1_432' title='bbox 912 4820 1066 4884; x_wconf 86' lang='lat' dir='ltr'><strong>victimae</strong></span> <span class='ocrx_word' id='word_1_433' title='bbox 1087 4829 1289 4889; x_wconf 81' lang='lat' dir='ltr'><strong>mactantur:</strong></span> <span class='ocrx_word' id='word_1_434' title='bbox 1312 4839 1396 4902; x_wconf 85' lang='lat' dir='ltr'><strong>quae</strong></span> <span class='ocrx_word' id='word_1_435' title='bbox 1416 4820 1517 4882; x_wconf 84' lang='lat' dir='ltr'><strong>verba</strong></span> <span class='ocrx_word' id='word_1_436' title='bbox 1537 4820 1711 4881; x_wconf 82' lang='lat' dir='ltr'><strong>Lassenius</strong></span> <span class='ocrx_word' id='word_1_437' title='bbox 1732 4822 1767 4883; x_wconf 89' lang='lat' dir='ltr'><strong>in</strong></span> <span class='ocrx_word' id='word_1_438' title='bbox 1789 4821 1943 4895; x_wconf 83' lang='lat' dir='ltr'><strong>Ilbenano</strong></span> 
     </span>
     <span class='ocr_line' id='line_1_37' title="bbox 1451 4938 1472 5000; baseline 0 0"><span class='ocrx_word' id='word_1_439' title='bbox 1451 4938 1472 5000; x_wconf 88' lang='grc'>2</span> 
     </span>
    </p>
   </div>
   <div class='ocr_carea' id='block_1_5' title="bbox 0 0 2189 5754">
    <p class='ocr_par' dir='ltr' id='par_1_6' title="bbox 0 0 2189 5754">
     <span class='ocr_line' id='line_1_38' title="bbox 0 0 2189 5754; baseline 0 0"><span class='ocrx_word' id='word_1_440' title='bbox 0 0 2189 5754; x_wconf 95' lang='lat' dir='ltr'><strong> </strong></span> 
     </span>
    </p>
   </div>
  </div>
 </body>
</html>
