4364 5754
904 578 1151 642 -19..

164 744 325 811 sermonis
345 741 493 807 indolem
512 740 676 808 accedunt
693 741 837 823 reliqua,
865 741 903 802 in
921 741 1061 825 quibus,
1085 728 1168 826 ⁸quin
1187 740 1345 805 Paulinus
1364 760 1386 803 a
1404 740 1439 805 S.
1462 742 1696 807 Bartolomaeo
1717 744 1754 805 in
1774 712 1896 807 disses
1931 770 1936 783 ·

163 864 291 927 tatione
311 883 371 927 sue
392 860 434 926 de
451 863 569 926 Latini
589 863 752 926 sermonis
773 861 903 947 origine
923 860 1032 940 (Rom.
1056 862 1164 938 18⁰2.)
1193 881 1269 923 cum
1287 861 1416 924 Lanaio
1437 864 1619 941 consentit,
1638 863 1692 942 pia
1721 881 1747 927 s.
1767 866 1894 945 pianes
1923 838 1929 855 ¹

162 1002 225 1067 pro
247 982 299 1047 dia
318 1001 345 1048 s.
369 983 434 1046 diis
453 979 641 1069 legendum,
663 981 828 1045 oclestrosn
848 998 930 1043 vero
951 1000 1017 1043 nou
1038 1000 1101 1066 pro
1122 980 1336 1044 Velitrarum
1350 980 1476 1044 Volsco
1497 984 1632 1045 nomine
1651 981 1893 1067 accipiendum,

164 1098 222 1163 sed
241 1099 453 1166 solestanum
480 1098 769 1184 interpretandum
793 1107 860 1177 est,
893 1101 1015 1184 quippe
1042 1096 1130 1182 qnod
1158 1121 1178 1161 a
1205 1098 1285 1162 celle
1311 1096 1499 1163 derivatum
1527 1120 1596 1163 esse
1623 1098 1774 1180 videtur,
1808 1102 1895 1164 sicut

163 1219 280 1283 Latini
300 1229 494 1303 sequestrum
515 1239 534 1281 a
554 1221 645 1302 sequi
666 1216 838 1281 deduxisse
852 1216 1019 1282 dicuntur.
1052 1215 1113 1283 Pie
1125 1218 1289 1282 calestram
1310 1221 1416 1305 igitur
1437 1228 1485 1280 est
1506 1220 1637 1303 piamen
1652 1219 1893 1298 voluntarium,

165 1336 255 1421 quod
276 1338 393 1402 atalae
412 1338 503 1421 facio
523 1341 706 1402 esuristrom
735 1336 849 1415 setin,
875 1335 908 1397 lt.
932 1355 960 1400 e.
982 1339 1132 1420 privatus
1160 1339 1260 1400 iaciat
1288 1339 1415 1400 focaria
1442 1339 1674 1414 veneratione,
1706 1340 1895 1439 oppositurn

164 1456 231 1535 illi,
255 1455 343 1540 quod
366 1460 468 1521 toties
491 1455 639 1520 cooelrs‘a
659 1456 769 1536 feram,
792 1453 824 1515 h.
839 1475 871 1517 e.
885 1457 1096 1542 magistratus
1118 1456 1266 1517 cumulet
1285 1457 1321 1516 in
1343 1457 1428 1518 feria
1449 1475 1476 1517 s.
1497 1457 1568 1517 ritu
1588 1454 1740 1520 sollenni.
1783 1456 1895 1544 Oppo-

164 1575 259 1637 nitur
280 1578 369 1637 enim
390 1574 507 1651 stelas
526 1596 551 1639 s.
575 1569 929 1668 ci‘soyoglmagistratui
949 1595 975 1636 s.
996 1573 1104 1661 ταγῷ,
1126 1577 1185 1658 qui
1207 1572 1355 1654 toticu(s)
1376 1594 1402 1640 s.
1424 1574 1564 1650 rertsc
1583 1576 1619 1636 in
1640 1575 1734 1638 Oscis
1755 1576 1895 1662 iuscrip-

164 1693 312 1756 tionibus
334 1675 468 1757 dicitur.
839 1749 843 1757 .
1272 1674 1276 1683 ¹
1549 1746 1562 1765 ,

332 1814 380 1878 13.
423 1810 526 1894 sepis.
544 1815 647 1874 etiam
667 1812 746 1875 Osci
766 1831 830 1893 pro
850 1811 955 1892 dorsis
968 1799 1150 1889 dixerunt,
1178 1807 1267 1901 uncle
1294 1829 1389 1892 sepa,
1420 1807 1462 1872 ad
1482 1808 1582 1892 ferora
1608 1812 1637 1872 si
1658 1813 1807 1874 refertur
1832 1830 1896 1897 pro

164 1925 298 2016 Fetlapa
320 1929 381 2009 lv,
393 1949 424 2008 a,
436 1934 456 1997 9
470 1951 496 1994 s.
515 1929 625 2010 oerofe
645 1928 707 2008 Vl,
720 1948 751 2007 a,
762 1930 803 1995 47
823 1929 980 2013 positur'n,
1002 1948 1095 1990 casus
1115 1929 1232 1992 localis
1252 1938 1318 2007 est3
1341 1928 1554 2009 retinuero,
1575 1948 1750 2015 perperam
1772 1931 1809 1990 in
1829 1928 1897 1992 duo

164 2047 329 2112 vocabula
349 2047 505 2127 divisum,
527 2046 704 2132 respondet
713 2045 874 2110 Umbrico
895 2048 1007 2129 oeFap
1019 2046 1080 2128 IV,
1094 2048 1127 2127 b,
1138 2050 1168 2115 5.
1180 2069 1207 2114 a.
1220 2068 1324 2121 aevosa
1332 2049 1395 2128 Vl,
1407 2048 1438 2123 b,
1448 2052 1514 2127 56„
1537 2051 1897 2132 quocumeseristron,

164 2167 205 2230 ab
228 2163 394 2251 εξαρια,
417 2165 506 2249 quod
520 2165 548 2246 1,
559 2168 612 2231 27.
627 2159 786 2254 ἐσχαρίδα
806 2186 830 2229 s.
844 2168 995 2229 foculum
1016 2165 1176 2255 designat,
1198 2165 1428 2247 derivandum,
1449 2171 1485 2230 in
1506 2186 1584 2230 casu
1604 2165 1706 2230 locali
1726 2178 1898 2232 consuun-

165 2294 238 2348 tum
260 2294 319 2364 est,
362 2285 500 2347 Focaria
519 2283 703 2364 veneritio,
725 2285 857 2368 qualem
877 2286 997 2349 Livius
1017 2285 1195 2366 intellexit,
1215 2285 1322 2375 llll,
1335 2286 1396 2350 sub
1416 2287 1472 2350 lin.
1495 2283 1537 2348 de
1557 2284 1717 2351 Scaevola
1731 2287 1896 2352 scribenss

168 2400 348 2465 »Dextram
379 2423 515 2466 accenso
548 2401 591 2466 ad
621 2404 825 2468 sacrificium
855 2405 967 2468 loculo
999 2405 1146 2484 injicit«,
1176 2407 1212 2493 in
1242 2404 1367 2468 Volsca
1398 2407 1618 2489 inscriptione
1646 2407 1899 2492 circumscripta

167 2522 217 2585 e'st
236 2521 349 2585 verbis
370 2523 442 2603 aelf
458 2526 575 2587 cesalis
594 2525 846 2605 circonspectus,
869 2525 1171 2606 quorumerpotita
1190 2522 1298 2583 solum
1319 2526 1354 2583 in
1367 2521 1517 2608 Iguvinis
1538 2496 1661 2584 tabulis
1674 2542 1740 2585 non
1762 2523 1897 2612 legitur.

167 2638 284 2723 Neque
305 2651 414 2706 tamen
435 2641 564 2721 dubito,
586 2645 668 2727 quin
689 2643 753 2704 hoc
772 2640 998 2718 vocabulum‚·
1011 2660 1052 2702 ex
1072 2640 1319 2725 praepositione
1339 2659 1378 2701 or
1399 2658 1461 2723 pro
1483 2639 1526 2701 od
1538 2648 1572 2702 et
1590 2641 1768 2724 participio
1789 2634 1905 2721 petitas
1928 2636 1933 2644 ’

146 2762 232 2844 'pro
250 2769 366 2841 potato
388 2762 626 2845 compositum,
655 2758 745 2822 idern
765 2759 946 2846 significet,
976 2754 1188 2839 quodlibeto
1217 2754 1305 2840 apud
1325 2738 1504 2852 Bourauos:
1537 2759 1654 2820 vinum
1681 2758 1770 2820 enim
1797 2758 1899 2824 libari
2035 2806 2037 2811 -

168 2877 296 2941 solebat
314 2881 454 2959 potiris,
482 2897 566 2958 quae
586 2877 671 2938 mihi
691 2872 733 2938 acl
758 2874 910 2962 ποτῆρας
931 2873 1125 2938 referendae
1145 2873 1321 2958 videntur,
1350 2877 1438 2939 sicut
1466 2875 1626 2965 κρατῆρες
1647 2886 1792 2941 crateres
1811 2876 1900 2943 dice·

169 2995 303 3057 bantur.
345 2995 420 3078 Ipse
440 2994 555 3056 Varro
576 2994 616 3055 1..
638 2994 679 3058 1..
702 2992 748 3072 V,
760 2995 813 3072 26,
836 2993 864 3079 ξ.
878 2995 948 3058 1-22.
970 3002 1100 3079 pateras
1121 2991 1163 3056 ad
1182 2995 1304 3079 pocula
1324 2997 1440 3076 refert,
1462 2995 1544 3057 licet
1562 2995 1604 3058 ab
1625 3015 1677 3074 eo,
1700 2993 1789 3080 quod
1808 3006 1900 3081 pate·

169 3123 242 3191 ant,
271 3110 375 3175 dictas
397 3115 572 3176 existimet
615 3112 680 3174 Pro
702 3114 832 3198 poculis
853 3115 889 3174 in
917 3122 1029 3174 nostra
1050 3114 1268 3197 inscriptione
1289 3112 1590 3199 oeeclis'legimus,
1620 3112 1739 3195 quibm
1764 3116 1899 3182 vascula

171 3228 387 3318 designantur
406 3233 443 3293 in
464 3230 615 3318 Iguvinis
636 3230 768 3295 tabulis.
810 3229 862 3292 An
883 3230 957 3307 osis
973 3232 1049 3294 niso
1070 3249 1146 3291 cum
1167 3227 1266 3316 ανζιφ
1287 3231 1370 3295 Fero
1390 3230 1435 3309 V,
1447 3250 1477 3309 a,
1493 3231 1544 3296 tt.
1567 3230 1825 3315 comparandum
1844 3236 1899 3314 sit,
1952 3214 1958 3236 '

170 3347 366 3413 indubium
389 3351 501 3413 vocari
523 3358 642 3435 potest,
665 3348 818 3432 quiaVI‚
830 3352 919 3422 a‚li(l.
932 3367 989 3411 oso
1009 3347 1051 3410 ab
1073 3367 1149 3412 osae
1161 3345 1381 3436 distinguitur
1401 3358 1436 3412 et
1456 3368 1548 3412 mm
1562 3347 1734 3437 designare
1754 3349 1899 3422 videtur.

169 3466 268 3553 Apud
288 3469 453 3531 Romanos
474 3487 606 3552 quoque
627 3487 703 3531 erus
722 3453 871 3553 priunum
892 3486 967 3531 oses
987 3464 1091 3530 dictas
1112 3465 1308 3531 Macrobius
1328 3468 1475 3549 senta.
1494 3467 1689 3532 eVarronls
1708 3468 1901 3536 divinamm

170 3586 262 3650 libro
283 3586 326 3651 V.
350 3595 507 3666 testatur,
538 3584 628 3672 quod
648 3595 733 3650 auct
758 3589 979 3650 necessarium
998 3606 1020 3649 a
1039 3587 1301 3651 sacrificantibus
1322 3607 1376 3650 eas
1396 3589 1504 3652 teneri
1530 3589 1590 3665 (cf.
1618 3585 1714 3654 Serv.
1737 3586 1778 3650 ad
1798 3589 1898 3679 Virg.

169 3703 416 3786 A.1v,219)‚
448 3709 536 3769 ansis
562 3716 673 3770 autem
699 3709 808 3770 teneri
834 3705 943 3769 solere
967 3725 1056 3772 vasa.
1100 3705 1198 3788 Quod
1225 3709 1254 3769 si
1277 3706 1385 3789 pilosa
1412 3717 1483 3770 estu
1509 3714 1679 3789 vertantur
1703 3707 1789 3786 piam
1819 3715 1899 3788 esto,

169 3826 346 3910 inscriptio
368 3826 489 3899 similis
510 3836 560 3889 est
579 3827 688 3889 veteri
708 3825 763 3887 illi
784 3822 950 3887 Romanae
970 3821 1060 3921 apud
1081 3823 1215 3910 Pignor.
1238 3824 1409 3908 symbolic.
1434 3826 1530 3910 epist.
1551 3844 1583 3885 n.
1598 3824 1668 3890 3οη
1693 3821 1823 3909 »Siquis
1842 3823 1901 3891 luc

173 3942 303 4005 »hostia
322 3963 453 4006 sacrum
475 3945 576 4021 laxit,
606 3940 696 4025 quod
716 3950 939 4030 magmentum
959 3961 1020 4005 nec
1040 3943 1219 4026 protollat,
1247 3940 1376 4006 idcirco
1396 3953 1506 4006 tamen
1526 3941 1631 4027 probe
1651 3943 1776 4006 factum
1795 3953 1900 4025 estes,
2050 3962 2053 3967 ·

171 4058 205 4120 h.
228 4078 256 4126 e.
279 4070 318 4123 ut
338 4059 494 4146 Sigonius
516 4057 556 4122 de
576 4061 678 4143 antiq.
701 4060 767 4141 jur.
783 4054 941 4146 'provinc
964 4058 1010 4139 11,
1026 4064 1057 4127 6.
1079 4080 1099 4123 a
1119 4057 1205 4124 nied.
1228 4061 1480 4147 interpretatur,
1501 4061 1532 4122 si
1551 4060 1600 4123 ita
1620 4080 1751 4124 sacrum
1772 4063 1901 4144 fecerit,
1936 4034 1940 4040 ι

171 4186 210 4240 ut
230 4188 304 4240 exta
325 4180 463 4265 pinguia
485 4187 519 4241 et
539 4188 635 4241 aucta
656 4155 723 4241 uon
744 4181 905 4264 proterat,
927 4179 1014 4241 nihil
1035 4189 1144 4243 tamen
1164 4182 1261 4243 triste
1281 4177 1468 4263 portendat,
1489 4181 1530 4245 cl.
1552 4177 1650 4243 Grut.
1671 4201 1703 4266 p.
1721 4178 1901 4264 ccxxnt,

172 4295 279 4360 coll.
302 4294 407 4356 Orell.
421 4297 561 4380 aleasq.
597 4296 709 4373 „Facta
730 4317 793 4382 pro
813 4297 920 4380 faciet
941 4295 1099 4361 dixerunt
1119 4296 1248 4376 Volsci,
1271 4295 1547 4382 quemadmodum
1566 4270 1686 4362 Umbri
1705 4301 1738 4363 εἰ
1755 4319 1818 4383 pro
1838 4300 1902 4365 aits

173 4433 255 4503 argo
278 4412 428 4477 rosetus
449 4433 580 4498 quoque
600 4433 664 4499 pro
685 4415 831 4497 muniet,
853 4424 891 4479 ut
911 4414 1008 4480 stols
1019 4434 1082 4502 pro
1093 4424 1157 4481 alet
1178 4415 1305 4504 legitur
1324 4414 1435 4479 infirm
1456 4416 1527 4496 eius
1542 4416 1781 4500 inscriptionis,
1803 4436 1902 4501 quam

172 4535 316 4618 primam
337 4535 401 4595 ieci
422 4534 460 4593 in
479 4533 753 4617 inscriptionibus
773 4535 959 4598 minoribus
979 4536 1107 4619 primae
1127 4535 1323 4618 particulae.
1365 4508 1518 4616 Ᾱσαμα
1539 4529 1727 4618 κυῖερτε
1747 4532 1793 4614 V,
1806 4534 1900 4615 etii.

172 4655 362 4742 significare
381 4657 417 4719 in
438 4673 499 4717 oro
516 4642 687 4734 omuino,
709 4656 777 4735 jam
798 4656 834 4718 in
856 4652 999 4737 ”cunda
1018 4653 1185 4739 particula
1203 4654 1234 4739 5.
1254 4654 1306 4721 34.
1328 4662 1412 4716 extr.
1435 4653 1561 4745 monui.

338 4775 389 4838 1⁴.
432 4771 472 4834 In
491 4783 612 4856 quarta
632 4771 767 4858 quidem
787 4773 1061 4853 tabulalV‚a‚9.
1082 4769 1247 4862 Fapapa
1267 4769 1475 4858 τρεβλανε
1495 4764 1676 4857 κυῆρτε
1696 4771 1785 4832 verti
1796 4767 1902 4852 ferias

80 4978 84 4993 Ι
174 4888 338 4956 trellanus
358 4895 561 4968 ἐπείσακτος
585 4889 644 4956 sed
663 4894 693 4955 si
712 4888 881 4983 Pelops
902 4910 970 4956 non
990 4888 1104 4955 differt
1122 4910 1144 4953 a
1163 4889 1265 4974 teron
1283 4890 1321 4953 in
1340 4889 1465 4954 Volsca
1484 4886 1714 4973 inscriptione,
1735 4884 1778 4951 ad
1798 4887 1899 4975 quod,
1939 4912 1941 4917 ⁴

1608 5049 1656 5120 3*
