4364 5754
645 1755 1684 1866 Praefatio..

378 2331 621 2486 Postquam
644 2384 772 2485 priori
804 2385 921 2485 hujus
946 2385 1080 2485 operis
1104 2381 1320 2484 particulae
1351 2384 1393 2461 in
1417 2384 1549 2462 tabula
1572 2383 1736 2485 quadam
1758 2385 1943 2491 lithogrsa

214 2536 331 2633 phica
356 2538 604 2636 alphabetum
628 2536 855 2615 Umbricum
887 2538 1026 2638 adjeci,
1057 2537 1138 2637 jam
1168 2535 1368 2612 literarum
1400 2536 1486 2612 soni
1517 2561 1607 2612 oum
1640 2536 1780 2616 ceteris
1811 2516 1943 2639 rahni,

213 2714 312 2786 quae
336 2690 386 2764 ad
400 2691 587 2767 elementa
601 2690 868 2789 grammaticae
883 2688 1092 2789 pertinent,
1117 2696 1305 2787 quatenus
1324 2688 1411 2764 fieri
1425 2694 1570 2788 potest,
1594 2698 1644 2764 ex
1657 2690 1943 2790 comparatione

213 2853 372 2939 quartae
384 2841 570 2939 iguvinae
594 2840 749 2917 tabulae
765 2866 854 2918 cum
867 2847 973 2915 sexta
997 2836 1235 2939 septimaque
1249 2838 1415 2917 eruendi
1438 2847 1540 2918 sunt.
1575 2840 1758 2924 Quartam
1768 2842 1873 2923 illam
1888 2853 1942 2923 ta-

210 2993 353 3084 bulam,
378 2990 486 3068 istius
503 2994 563 3070 rei
588 3016 700 3068 causa
720 2993 762 3070 in
777 2993 878 3069 hanc
901 2990 1130 3093 particulam
1152 3000 1398 3086 reservatam,
1421 2986 1540 3069 totam
1564 2992 1720 3093 quidem
1735 2996 1942 3098 exhibebo,

211 3171 234 3219 e
251 3151 357 3220 sexta
370 3168 466 3221 vero
480 3158 595 3246 atque
609 3145 771 3244 septima
787 3170 833 3221 ea
846 3145 939 3238 sola,
964 3169 1064 3245 quae
1081 3143 1282 3222 vocabulis
1297 3151 1469 3244 quartae,
1494 3144 1576 3223 sire
1592 3170 1667 3247 per
1680 3147 1816 3227 eadem
1829 3175 1941 3252 pror·
2088 3210 2091 3215 ·

210 3323 285 3391 sus,
300 3297 382 3374 sive
397 3322 473 3399 per
485 3323 697 3400 synonyma
721 3298 855 3395 verba,
879 3296 1126 3396 respondent
1152 3294 1378 3374 Exindiciia
1391 3292 1586 3395 versuum,
1611 3297 1653 3375 in
1670 3302 1812 3400 quibus
1827 3329 1940 3384 voca·

208 3451 301 3525 bula
314 3475 489 3552 quaeque
512 3450 657 3549 scripta
674 3450 873 3550 leguntur,
901 3448 1249 3549 comparandorum
1263 3450 1375 3528 initia
1406 3459 1572 3551 propter
1599 3452 1737 3551 ὕστερον
1757 3455 1938 3553 πρότερον,

210 3603 317 3701 quod
330 3604 521 3680 Bonarota
532 3605 640 3698 fecit,
666 3603 745 3681 tab.
759 3603 827 3697 IV,
837 3602 876 3678 b.
885 3611 927 3679 et
937 3604 1007 3698 VI,
1022 3605 1062 3681 b.
1077 3627 1160 3679 esse
1183 3612 1483 3703 cognoscrmtur.
1516 3600 1601 3679 Etsi
1616 3608 1743 3677 autem
1754 3597 1938 3678 inverbis

208 3755 302 3853 ipsis
328 3754 426 3830 nihil
450 3755 607 3850 mutavi,
641 3755 717 3833 nisi
742 3763 920 3833 annotata
943 3779 1097 3856 semper
1121 3780 1213 3833 vera
1237 3755 1420 3850 lectione,
1451 3763 1577 3830 tamen
1601 3778 1680 3853 quo
1705 3750 1849 3828 clarim
1871 3753 1937 3829 fie-

206 3916 269 3981 ret
293 3907 542 4005 comparatio,
575 3907 697 4007 signa,
722 3909 865 4008 quibus
887 3908 1078 3986 vocabula
1108 3907 1259 4009 singula
1283 3907 1387 3984 inter
1410 3931 1452 3984 se
1482 3904 1672 4006 distingui
1695 3904 1833 4002 solent,
1866 3906 1938 3983 ubi

206 4084 413 4158 perperam
437 4059 563 4160 posita
587 4070 710 4155 erant,
734 4059 900 4156 correxi,
925 4059 997 4137 ubi
1011 4060 1160 4157 omissa,
1184 4059 1381 4139 interdum
1402 4056 1541 4160 adjeci.
1579 4058 1709 4137 Verba
1723 4082 1935 4162 synonyasa,

206 4211 409 4310 exquibus
423 4212 703 4291 vocabulorum
713 4214 860 4290 formae
880 4238 1088 4315 sensusque
1100 4213 1315 4308 discuntur,
1329 4213 1377 4289 ab
1392 4210 1627 4315 homonymia,
1651 4235 1726 4312 per
1737 4236 1836 4310 quae
1851 4210 1935 4288 lite·

207 4389 336 4439 rarum
369 4364 455 4440 soni
483 4365 673 4465 imprimis
707 4364 794 4441 erui
827 4377 1007 4465 possunt,
1040 4366 1147 4467 typis
1178 4367 1333 4443 mutatis
1364 4363 1637 4465 distinguenda
1668 4364 1823 4462 putavi,
1856 4386 1936 4464 quo

206 4514 357 4592 facilius
383 4516 425 4591 in
450 4517 583 4593 oculos
607 4517 836 4602 inciderent
888 4517 977 4594 Non
1000 4544 1090 4595 raro
1115 4519 1195 4614 illa,
1220 4544 1320 4620 quae
1343 4516 1492 4594 Latinis
1515 4515 1640 4595 literis
1664 4514 1809 4615 scripta
1833 4524 1934 4609 sunt,

208 4666 324 4744 alium
356 4670 636 4746 vocabulorum
669 4671 846 4747 ordinem
880 4654 1107 4771 sequuntur,
1141 4697 1255 4773 quam
1289 4671 1472 4750 Umbrica
1495 4668 1656 4769 scripta:
1694 4692 1740 4743 ea
1764 4664 1934 4765 quidem,

209 4822 298 4919 quia
330 4846 408 4899 non
441 4823 764 4929 contemnendum
797 4825 846 4900 ad
878 4823 1235 4926 interpretationem
1268 4849 1380 4903 usum
1409 4822 1619 4926 praebent,
1655 4818 1761 4895 haud
1793 4829 1935 4896 mutata
