<?xml version="1.0" encoding="UTF-8"?>
<!DOCTYPE html PUBLIC "-//W3C//DTD XHTML 1.0 Transitional//EN"
    "http://www.w3.org/TR/xhtml1/DTD/xhtml1-transitional.dtd">
<html xmlns="http://www.w3.org/1999/xhtml" xml:lang="en" lang="en">
 <head>
  <title>
</title>
<meta http-equiv="Content-Type" content="text/html;charset=utf-8" />
  <meta name='ocr-system' content='tesseract 3.04.00' />
  <meta name='ocr-capabilities' content='ocr_page ocr_carea ocr_par ocr_line ocrx_word'/>
</head>
<body>
  <div class='ocr_page' id='page_1' title='image "./rudimentalingua01grotgoog_0018.png"; bbox 0 0 4364 5754; ppageno 0'>
   <div class='ocr_carea' id='block_1_1' title="bbox 942 598 1148 660">
    <p class='ocr_par' dir='ltr' id='par_1_1' title="bbox 942 598 1148 660">
     <span class='ocr_line' id='line_1_1' title="bbox 942 598 1148 660; baseline 0 -15"><span class='ocrx_word' id='word_1_1' title='bbox 942 598 1148 660; x_wconf 79' lang='lat'>..7-</span> 
     </span>
    </p>
   </div>
   <div class='ocr_carea' id='block_1_2' title="bbox 167 759 1910 1567">
    <p class='ocr_par' dir='ltr' id='par_1_2' title="bbox 167 759 1910 1567">
     <span class='ocr_line' id='line_1_2' title="bbox 173 759 1910 863; baseline -0.002 -21"><span class='ocrx_word' id='word_1_2' title='bbox 173 768 297 842; x_wconf 80' lang='lat' dir='ltr'><strong>tabula</strong></span> <span class='ocrx_word' id='word_1_3' title='bbox 323 769 397 860; x_wconf 85' lang='lat' dir='ltr'><strong>jam</strong></span> <span class='ocrx_word' id='word_1_4' title='bbox 417 767 527 843; x_wconf 86' lang='lat' dir='ltr'><strong>tortio</strong></span> <span class='ocrx_word' id='word_1_5' title='bbox 542 778 626 863; x_wconf 87' lang='lat' dir='ltr'><strong>post</strong></span> <span class='ocrx_word' id='word_1_6' title='bbox 646 767 804 845; x_wconf 81' lang='lat' dir='ltr'><strong>Romam</strong></span> <span class='ocrx_word' id='word_1_7' title='bbox 821 762 1008 837; x_wconf 87' lang='lat' dir='ltr'><strong>conditam</strong></span> <span class='ocrx_word' id='word_1_8' title='bbox 1023 759 1148 833; x_wconf 79' lang='lat' dir='ltr'><strong>sscrrlo</strong></span> <span class='ocrx_word' id='word_1_9' title='bbox 1163 760 1318 836; x_wconf 86' lang='lat' dir='ltr'><strong>inscribi</strong></span> <span class='ocrx_word' id='word_1_10' title='bbox 1343 773 1469 859; x_wconf 83' lang='lat' dir='ltr'><strong>coepta</strong></span> <span class='ocrx_word' id='word_1_11' title='bbox 1493 763 1649 838; x_wconf 81' lang='lat' dir='ltr'><strong>videtur.</strong></span> <span class='ocrx_word' id='word_1_12' title='bbox 1693 763 1769 842; x_wconf 91' lang='lat' dir='ltr'><strong>Sed</strong></span> <span class='ocrx_word' id='word_1_13' title='bbox 1793 766 1910 843; x_wconf 79' lang='lat' dir='ltr'><strong>iscor-</strong></span> 
     </span>
     <span class='ocr_line' id='line_1_3' title="bbox 172 866 1910 981; baseline -0.001 -21"><span class='ocrx_word' id='word_1_14' title='bbox 172 897 255 960; x_wconf 86' lang='lat' dir='ltr'><strong>lum</strong></span> <span class='ocrx_word' id='word_1_15' title='bbox 280 908 431 981; x_wconf 84' lang='lat' dir='ltr'><strong>prorsus</strong></span> <span class='ocrx_word' id='word_1_16' title='bbox 455 886 528 959; x_wconf 90' lang='lat' dir='ltr'><strong>boo</strong></span> <span class='ocrx_word' id='word_1_17' title='bbox 552 894 607 956; x_wconf 85' lang='lat' dir='ltr'><strong>ast</strong></span> <span class='ocrx_word' id='word_1_18' title='bbox 631 884 823 975; x_wconf 86' lang='lat' dir='ltr'><strong>judicium,</strong></span> <span class='ocrx_word' id='word_1_19' title='bbox 849 882 1026 978; x_wconf 86' lang='lat' dir='ltr'><strong>quoniam</strong></span> <span class='ocrx_word' id='word_1_20' title='bbox 1042 878 1251 951; x_wconf 82' lang='lat' dir='ltr'><strong>tabularum</strong></span> <span class='ocrx_word' id='word_1_21' title='bbox 1269 866 1418 955; x_wconf 80' lang='lat' dir='ltr'><strong>illarum</strong></span> <span class='ocrx_word' id='word_1_22' title='bbox 1439 907 1560 956; x_wconf 87' lang='lat' dir='ltr'><strong>sermo</strong></span> <span class='ocrx_word' id='word_1_23' title='bbox 1586 884 1629 957; x_wconf 90' lang='lat' dir='ltr'><strong>in</strong></span> <span class='ocrx_word' id='word_1_24' title='bbox 1645 894 1789 959; x_wconf 86' lang='lat' dir='ltr'><strong>tautum</strong></span> <span class='ocrx_word' id='word_1_25' title='bbox 1810 884 1910 961; x_wconf 81' lang='lat' dir='ltr'><strong>haud</strong></span> 
     </span>
     <span class='ocr_line' id='line_1_4' title="bbox 170 997 1908 1100; baseline -0.001 -24"><span class='ocrx_word' id='word_1_26' title='bbox 170 1000 303 1094; x_wconf 75' lang='lat' dir='ltr'><strong>differt,</strong></span> <span class='ocrx_word' id='word_1_27' title='bbox 329 1004 569 1100; x_wconf 81' lang='lat' dir='ltr'><strong>inquantum</strong></span> <span class='ocrx_word' id='word_1_28' title='bbox 590 1004 704 1074; x_wconf 91' lang='lat' dir='ltr'><strong>trium</strong></span> <span class='ocrx_word' id='word_1_29' title='bbox 726 998 936 1071; x_wconf 86' lang='lat' dir='ltr'><strong>seculorum</strong></span> <span class='ocrx_word' id='word_1_30' title='bbox 959 1000 1135 1075; x_wconf 71' lang='lat' dir='ltr'><strong>duumus</strong></span> <span class='ocrx_word' id='word_1_31' title='bbox 1154 999 1293 1092; x_wconf 68' lang='lat' dir='ltr'><strong>poscit,</strong></span> <span class='ocrx_word' id='word_1_32' title='bbox 1317 997 1478 1094; x_wconf 89' lang='lat' dir='ltr'><strong>reliquae</strong></span> <span class='ocrx_word' id='word_1_33' title='bbox 1497 1003 1597 1075; x_wconf 87' lang='lat' dir='ltr'><strong>enim</strong></span> <span class='ocrx_word' id='word_1_34' title='bbox 1617 1001 1762 1075; x_wconf 85' lang='lat' dir='ltr'><strong>tabulae</strong></span> <span class='ocrx_word' id='word_1_35' title='bbox 1775 1002 1908 1078; x_wconf 81' lang='lat' dir='ltr'><strong>Tuscis</strong></span> 
     </span>
     <span class='ocr_line' id='line_1_5' title="bbox 169 1114 1910 1216; baseline 0.003 -24"><span class='ocrx_word' id='word_1_36' title='bbox 169 1114 287 1195; x_wconf 86' lang='lat' dir='ltr'><strong>litoris</strong></span> <span class='ocrx_word' id='word_1_37' title='bbox 325 1114 480 1216; x_wconf 81' lang='lat' dir='ltr'><strong>scriptas</strong></span> <span class='ocrx_word' id='word_1_38' title='bbox 517 1117 636 1191; x_wconf 88' lang='lat' dir='ltr'><strong>multo</strong></span> <span class='ocrx_word' id='word_1_39' title='bbox 673 1118 791 1212; x_wconf 78' lang='lat' dir='ltr'><strong>magis</strong></span> <span class='ocrx_word' id='word_1_40' title='bbox 828 1117 868 1191; x_wconf 91' lang='lat' dir='ltr'><strong>in</strong></span> <span class='ocrx_word' id='word_1_41' title='bbox 905 1115 1169 1189; x_wconf 77' lang='lat' dir='ltr'><strong>vocabulorum</strong></span> <span class='ocrx_word' id='word_1_42' title='bbox 1208 1115 1337 1188; x_wconf 84' lang='lat' dir='ltr'><strong>formis</strong></span> <span class='ocrx_word' id='word_1_43' title='bbox 1362 1140 1384 1187; x_wconf 91' lang='lat' dir='ltr'><strong>a</strong></span> <span class='ocrx_word' id='word_1_44' title='bbox 1407 1127 1535 1212; x_wconf 87' lang='lat' dir='ltr'><strong>quarta</strong></span> <span class='ocrx_word' id='word_1_45' title='bbox 1559 1119 1762 1210; x_wconf 85' lang='lat' dir='ltr'><strong>discedunt,</strong></span> <span class='ocrx_word' id='word_1_46' title='bbox 1797 1142 1910 1215; x_wconf 72' lang='lat' dir='ltr'><strong>quam</strong></span> 
     </span>
     <span class='ocr_line' id='line_1_6' title="bbox 168 1232 1908 1334; baseline 0.001 -26"><span class='ocrx_word' id='word_1_47' title='bbox 168 1260 261 1334; x_wconf 84' lang='lat' dir='ltr'><strong>quae</strong></span> <span class='ocrx_word' id='word_1_48' title='bbox 286 1237 430 1315; x_wconf 84' lang='lat' dir='ltr'><strong>Latinis</strong></span> <span class='ocrx_word' id='word_1_49' title='bbox 456 1237 573 1314; x_wconf 85' lang='lat' dir='ltr'><strong>literis</strong></span> <span class='ocrx_word' id='word_1_50' title='bbox 599 1247 685 1308; x_wconf 89' lang='lat' dir='ltr'><strong>sunt</strong></span> <span class='ocrx_word' id='word_1_51' title='bbox 709 1244 885 1313; x_wconf 80' lang='lat' dir='ltr'><strong>exaratus.</strong></span> <span class='ocrx_word' id='word_1_52' title='bbox 934 1234 1100 1309; x_wconf 82' lang='lat' dir='ltr'><strong>Tertiam</strong></span> <span class='ocrx_word' id='word_1_53' title='bbox 1125 1232 1310 1325; x_wconf 84' lang='lat' dir='ltr'><strong>tabulam,</strong></span> <span class='ocrx_word' id='word_1_54' title='bbox 1350 1255 1461 1329; x_wconf 84' lang='lat' dir='ltr'><strong>quam</strong></span> <span class='ocrx_word' id='word_1_55' title='bbox 1484 1234 1645 1309; x_wconf 82' lang='lat' dir='ltr'><strong>Lsnzlns</strong></span> <span class='ocrx_word' id='word_1_56' title='bbox 1671 1235 1778 1332; x_wconf 73' lang='lat' dir='ltr'><strong>Sagg.</strong></span> <span class='ocrx_word' id='word_1_57' title='bbox 1805 1236 1850 1313; x_wconf 73' lang='grc' dir='ltr'><strong>Τ.</strong></span> <span class='ocrx_word' id='word_1_58' title='bbox 1876 1237 1908 1313; x_wconf 86' lang='grc' dir='ltr'><strong>Ι.</strong></span> 
     </span>
     <span class='ocr_line' id='line_1_7' title="bbox 167 1348 1908 1451; baseline 0 -24"><span class='ocrx_word' id='word_1_59' title='bbox 167 1378 249 1448; x_wconf 81' lang='lat' dir='ltr'><strong>pag.</strong></span> <span class='ocrx_word' id='word_1_60' title='bbox 288 1354 373 1431; x_wconf 76' lang='lat'><strong>285.</strong></span> <span class='ocrx_word' id='word_1_61' title='bbox 413 1365 588 1451; x_wconf 87' lang='lat' dir='ltr'><strong>tanquam</strong></span> <span class='ocrx_word' id='word_1_62' title='bbox 625 1353 850 1431; x_wconf 83' lang='lat' dir='ltr'><strong>nitidissime</strong></span> <span class='ocrx_word' id='word_1_63' title='bbox 884 1353 1060 1447; x_wconf 83' lang='lat' dir='ltr'><strong>scriptum</strong></span> <span class='ocrx_word' id='word_1_64' title='bbox 1095 1348 1240 1440; x_wconf 84' lang='lat' dir='ltr'><strong>laudat,</strong></span> <span class='ocrx_word' id='word_1_65' title='bbox 1276 1352 1569 1425; x_wconf 81' lang='lat' dir='ltr'><strong>recentissimam</strong></span> <span class='ocrx_word' id='word_1_66' title='bbox 1607 1376 1687 1427; x_wconf 85' lang='lat' dir='ltr'><strong>esse</strong></span> <span class='ocrx_word' id='word_1_67' title='bbox 1723 1353 1908 1443; x_wconf 86' lang='lat' dir='ltr'><strong>omnium,</strong></span> 
     </span>
     <span class='ocr_line' id='line_1_8' title="bbox 167 1468 1908 1567; baseline 0.001 -24"><span class='ocrx_word' id='word_1_68' title='bbox 167 1474 338 1567; x_wconf 80' lang='lat' dir='ltr'><strong>quamvis</strong></span> <span class='ocrx_word' id='word_1_69' title='bbox 364 1473 570 1567; x_wconf 60' lang='lat' dir='ltr'><strong>argumenti</strong></span> <span class='ocrx_word' id='word_1_70' title='bbox 595 1471 736 1543; x_wconf 84' lang='lat' dir='ltr'><strong>ratione</strong></span> <span class='ocrx_word' id='word_1_71' title='bbox 760 1468 886 1541; x_wconf 80' lang='lat' dir='ltr'><strong>habita</strong></span> <span class='ocrx_word' id='word_1_72' title='bbox 910 1469 1063 1565; x_wconf 88' lang='lat' dir='ltr'><strong>reliquis</strong></span> <span class='ocrx_word' id='word_1_73' title='bbox 1088 1468 1345 1563; x_wconf 80' lang='lat' dir='ltr'><strong>anteponenda</strong></span> <span class='ocrx_word' id='word_1_74' title='bbox 1367 1468 1551 1561; x_wconf 83' lang='lat' dir='ltr'><strong>videatur,</strong></span> <span class='ocrx_word' id='word_1_75' title='bbox 1582 1470 1703 1543; x_wconf 89' lang='lat' dir='ltr'><strong>iorma</strong></span> <span class='ocrx_word' id='word_1_76' title='bbox 1725 1470 1850 1545; x_wconf 74' lang='lat' dir='ltr'><strong>litsrm</strong></span> <span class='ocrx_word' id='word_1_77' title='bbox 1873 1493 1908 1545; x_wconf 79' lang='lat' dir='ltr'><strong>aa</strong></span> 
     </span>
    </p>
   </div>
   <div class='ocr_carea' id='block_1_3' title="bbox 165 1586 2033 1684">
    <p class='ocr_par' dir='ltr' id='par_1_3' title="bbox 165 1586 2033 1684">
     <span class='ocr_line' id='line_1_9' title="bbox 165 1586 2033 1684; baseline 0.003 -24"><span class='ocrx_word' id='word_1_78' title='bbox 165 1599 310 1661; x_wconf 87' lang='lat' dir='ltr'><strong>mutata</strong></span> <span class='ocrx_word' id='word_1_79' title='bbox 342 1590 457 1662; x_wconf 85' lang='lat' dir='ltr'><strong>docet.</strong></span> <span class='ocrx_word' id='word_1_80' title='bbox 515 1589 691 1663; x_wconf 60' lang='lat' dir='ltr'><strong>Proxime</strong></span> <span class='ocrx_word' id='word_1_81' title='bbox 722 1586 828 1658; x_wconf 90' lang='lat' dir='ltr'><strong>illam</strong></span> <span class='ocrx_word' id='word_1_82' title='bbox 859 1586 1078 1659; x_wconf 83' lang='lat' dir='ltr'><strong>antecedunt</strong></span> <span class='ocrx_word' id='word_1_83' title='bbox 1111 1586 1234 1679; x_wconf 87' lang='lat' dir='ltr'><strong>prima</strong></span> <span class='ocrx_word' id='word_1_84' title='bbox 1263 1587 1497 1684; x_wconf 74' lang='lat' dir='ltr'><strong>mcundsque</strong></span> <span class='ocrx_word' id='word_1_85' title='bbox 1528 1587 1694 1679; x_wconf 79' lang='lat' dir='ltr'><strong>tabulae,</strong></span> <span class='ocrx_word' id='word_1_86' title='bbox 1731 1586 1907 1684; x_wconf 78' lang='lat' dir='ltr'><strong>qnoniam</strong></span> <span class='ocrx_word' id='word_1_87' title='bbox 2015 1621 2033 1684; x_wconf 88' lang='lat'><strong>&#39;.</strong></span> 
     </span>
    </p>
   </div>
   <div class='ocr_carea' id='block_1_4' title="bbox 165 1702 1425 1802">
    <p class='ocr_par' dir='ltr' id='par_1_4' title="bbox 165 1702 1425 1802">
     <span class='ocr_line' id='line_1_10' title="bbox 165 1702 1425 1802; baseline -0.001 -25"><span class='ocrx_word' id='word_1_88' title='bbox 165 1702 307 1802; x_wconf 78' lang='lat' dir='ltr'><strong>aliquot</strong></span> <span class='ocrx_word' id='word_1_89' title='bbox 331 1705 522 1781; x_wconf 76' lang='lat' dir='ltr'><strong>literarum</strong></span> <span class='ocrx_word' id='word_1_90' title='bbox 547 1706 770 1781; x_wconf 75' lang='lat' dir='ltr'><strong>characteres</strong></span> <span class='ocrx_word' id='word_1_91' title='bbox 794 1726 882 1776; x_wconf 90' lang='lat' dir='ltr'><strong>cum</strong></span> <span class='ocrx_word' id='word_1_92' title='bbox 907 1704 1013 1777; x_wconf 79' lang='lat' dir='ltr'><strong>tertia</strong></span> <span class='ocrx_word' id='word_1_93' title='bbox 1036 1725 1253 1775; x_wconf 82' lang='lat' dir='ltr'><strong>communes</strong></span> <span class='ocrx_word' id='word_1_94' title='bbox 1279 1704 1425 1776; x_wconf 84' lang='lat' dir='ltr'><strong>habent.</strong></span> 
     </span>
    </p>
   </div>
   <div class='ocr_carea' id='block_1_5' title="bbox 149 1837 2003 4504">
    <p class='ocr_par' dir='ltr' id='par_1_5' title="bbox 149 1837 2003 4504">
     <span class='ocr_line' id='line_1_11' title="bbox 332 1837 1907 1933; baseline -0.003 -18"><span class='ocrx_word' id='word_1_95' title='bbox 332 1841 367 1915; x_wconf 91' lang='grc'><strong>4.</strong></span> <span class='ocrx_word' id='word_1_96' title='bbox 417 1842 472 1915; x_wconf 88' lang='lat' dir='ltr'><strong>Ne</strong></span> <span class='ocrx_word' id='word_1_97' title='bbox 497 1851 621 1914; x_wconf 89' lang='lat' dir='ltr'><strong>autem</strong></span> <span class='ocrx_word' id='word_1_98' title='bbox 652 1839 844 1914; x_wconf 86' lang='lat' dir='ltr'><strong>temeraria</strong></span> <span class='ocrx_word' id='word_1_99' title='bbox 866 1838 960 1913; x_wconf 83' lang='lat' dir='ltr'><strong>fides</strong></span> <span class='ocrx_word' id='word_1_100' title='bbox 991 1838 1169 1910; x_wconf 86' lang='lat' dir='ltr'><strong>habeatur</strong></span> <span class='ocrx_word' id='word_1_101' title='bbox 1192 1838 1405 1933; x_wconf 86' lang='lat' dir='ltr'><strong>Dempsteri</strong></span> <span class='ocrx_word' id='word_1_102' title='bbox 1429 1837 1577 1930; x_wconf 86' lang='lat' dir='ltr'><strong>tabulis,</strong></span> <span class='ocrx_word' id='word_1_103' title='bbox 1611 1851 1766 1913; x_wconf 86' lang='lat' dir='ltr'><strong>monent</strong></span> <span class='ocrx_word' id='word_1_104' title='bbox 1789 1840 1907 1911; x_wconf 85' lang='lat' dir='ltr'><strong>mani-</strong></span> 
     </span>
     <span class='ocr_line' id='line_1_12' title="bbox 163 1953 1905 2055; baseline 0 -27"><span class='ocrx_word' id='word_1_105' title='bbox 163 1958 254 2030; x_wconf 87' lang='lat' dir='ltr'><strong>iesta</strong></span> <span class='ocrx_word' id='word_1_106' title='bbox 293 1972 506 2055; x_wconf 65' lang='lat' dir='ltr'><strong>operarum·</strong></span> <span class='ocrx_word' id='word_1_107' title='bbox 526 1957 633 2029; x_wconf 84' lang='lat' dir='ltr'><strong>vitia:</strong></span> <span class='ocrx_word' id='word_1_108' title='bbox 691 1958 755 2047; x_wconf 90' lang='lat' dir='ltr'><strong>sic,</strong></span> <span class='ocrx_word' id='word_1_109' title='bbox 793 1967 836 2029; x_wconf 88' lang='lat' dir='ltr'><strong>ut</strong></span> <span class='ocrx_word' id='word_1_110' title='bbox 871 1980 990 2028; x_wconf 88' lang='lat' dir='ltr'><strong>uuum</strong></span> <span class='ocrx_word' id='word_1_111' title='bbox 1028 1953 1152 2026; x_wconf 88' lang='lat' dir='ltr'><strong>saltim</strong></span> <span class='ocrx_word' id='word_1_112' title='bbox 1189 1955 1405 2052; x_wconf 82' lang='lat' dir='ltr'><strong>exemplum</strong></span> <span class='ocrx_word' id='word_1_113' title='bbox 1440 1956 1638 2051; x_wconf 79' lang='lat' dir='ltr'><strong>proteram,</strong></span> <span class='ocrx_word' id='word_1_114' title='bbox 1675 1957 1761 2047; x_wconf 83' lang='lat' dir='ltr'><strong>VII,</strong></span> <span class='ocrx_word' id='word_1_115' title='bbox 1787 1980 1820 2047; x_wconf 89' lang='lat' dir='ltr'><strong>a,</strong></span> <span class='ocrx_word' id='word_1_116' title='bbox 1845 1953 1905 2031; x_wconf 77' lang='lat' dir='ltr'><strong>ti.</strong></span> 
     </span>
     <span class='ocr_line' id='line_1_13' title="bbox 162 2071 1906 2172; baseline 0.001 -26"><span class='ocrx_word' id='word_1_117' title='bbox 162 2071 438 2150; x_wconf 82' lang='lat' dir='ltr'>SABOCAVV</span> <span class='ocrx_word' id='word_1_118' title='bbox 461 2101 530 2172; x_wconf 89' lang='lat' dir='ltr'><strong>pro</strong></span> <span class='ocrx_word' id='word_1_119' title='bbox 555 2073 841 2169; x_wconf 74' lang='lat' dir='ltr'><strong>Svsocavv,</strong></span> <span class='ocrx_word' id='word_1_120' title='bbox 865 2074 954 2165; x_wconf 80' lang='lat' dir='ltr'><strong>VII,</strong></span> <span class='ocrx_word' id='word_1_121' title='bbox 980 2097 1012 2164; x_wconf 88' lang='lat' dir='ltr'><strong>a,</strong></span> <span class='ocrx_word' id='word_1_122' title='bbox 1041 2071 1098 2164; x_wconf 78' lang='lat'><strong>14,</strong></span> <span class='ocrx_word' id='word_1_123' title='bbox 1122 2073 1304 2169; x_wconf 86' lang='lat' dir='ltr'><strong>scriptum</strong></span> <span class='ocrx_word' id='word_1_124' title='bbox 1327 2072 1474 2168; x_wconf 82' lang='lat' dir='ltr'><strong>legitur.</strong></span> <span class='ocrx_word' id='word_1_125' title='bbox 1526 2075 1684 2147; x_wconf 87' lang='lat' dir='ltr'><strong>Minime</strong></span> <span class='ocrx_word' id='word_1_126' title='bbox 1707 2076 1819 2170; x_wconf 80' lang='lat' dir='ltr'><strong>igitur</strong></span> <span class='ocrx_word' id='word_1_127' title='bbox 1842 2097 1906 2147; x_wconf 88' lang='lat' dir='ltr'><strong>uo·</strong></span> 
     </span>
     <span class='ocr_line' id='line_1_14' title="bbox 161 2189 1906 2288; baseline 0.001 -26"><span class='ocrx_word' id='word_1_128' title='bbox 161 2190 331 2287; x_wconf 73' lang='lat' dir='ltr'><strong>gligenda</strong></span> <span class='ocrx_word' id='word_1_129' title='bbox 356 2202 411 2265; x_wconf 89' lang='lat' dir='ltr'><strong>est</strong></span> <span class='ocrx_word' id='word_1_130' title='bbox 446 2190 669 2287; x_wconf 86' lang='lat' dir='ltr'><strong>comparatio</strong></span> <span class='ocrx_word' id='word_1_131' title='bbox 695 2214 837 2283; x_wconf 88' lang='lat' dir='ltr'><strong>eorum,</strong></span> <span class='ocrx_word' id='word_1_132' title='bbox 877 2214 969 2288; x_wconf 87' lang='lat' dir='ltr'><strong>quae</strong></span> <span class='ocrx_word' id='word_1_133' title='bbox 1003 2189 1093 2262; x_wconf 84' lang='lat' dir='ltr'><strong>alibi</strong></span> <span class='ocrx_word' id='word_1_134' title='bbox 1125 2192 1259 2264; x_wconf 86' lang='lat' dir='ltr'><strong>rectius</strong></span> <span class='ocrx_word' id='word_1_135' title='bbox 1284 2190 1424 2287; x_wconf 86' lang='lat' dir='ltr'><strong>prolata</strong></span> <span class='ocrx_word' id='word_1_136' title='bbox 1458 2192 1640 2268; x_wconf 87' lang='lat' dir='ltr'><strong>videntur.</strong></span> <span class='ocrx_word' id='word_1_137' title='bbox 1692 2193 1906 2288; x_wconf 85' lang='lat' dir='ltr'><strong>Dempsteri</strong></span> 
     </span>
     <span class='ocr_line' id='line_1_15' title="bbox 162 2304 1905 2409; baseline 0.001 -29"><span class='ocrx_word' id='word_1_138' title='bbox 162 2307 310 2380; x_wconf 75' lang='lat' dir='ltr'><strong>tabidae</strong></span> <span class='ocrx_word' id='word_1_139' title='bbox 335 2308 465 2404; x_wconf 80' lang='lat' dir='ltr'><strong>viginti</strong></span> <span class='ocrx_word' id='word_1_140' title='bbox 490 2308 613 2380; x_wconf 81' lang='lat' dir='ltr'><strong>literas</strong></span> <span class='ocrx_word' id='word_1_141' title='bbox 637 2318 715 2381; x_wconf 84' lang='lat' dir='ltr'><strong>tam</strong></span> <span class='ocrx_word' id='word_1_142' title='bbox 732 2306 928 2409; x_wconf 85' lang='lat' dir='ltr'><strong>Umbricas</strong></span> <span class='ocrx_word' id='word_1_143' title='bbox 954 2332 1066 2404; x_wconf 88' lang='lat' dir='ltr'><strong>quam</strong></span> <span class='ocrx_word' id='word_1_144' title='bbox 1090 2306 1239 2380; x_wconf 88' lang='lat' dir='ltr'><strong>Latinas</strong></span> <span class='ocrx_word' id='word_1_145' title='bbox 1265 2307 1450 2400; x_wconf 79' lang='lat' dir='ltr'>exhibent,</span> <span class='ocrx_word' id='word_1_146' title='bbox 1475 2335 1579 2407; x_wconf 87' lang='lat' dir='ltr'><strong>quas,</strong></span> <span class='ocrx_word' id='word_1_147' title='bbox 1605 2309 1691 2406; x_wconf 85' lang='lat' dir='ltr'><strong>quis</strong></span> <span class='ocrx_word' id='word_1_148' title='bbox 1716 2332 1801 2381; x_wconf 82' lang='lat' dir='ltr'><strong>vera</strong></span> <span class='ocrx_word' id='word_1_149' title='bbox 1824 2304 1905 2381; x_wconf 81' lang='lat' dir='ltr'><strong>illa-</strong></span> 
     </span>
     <span class='ocr_line' id='line_1_16' title="bbox 159 2423 1904 2522; baseline -0.001 -25"><span class='ocrx_word' id='word_1_150' title='bbox 159 2447 247 2497; x_wconf 89' lang='lat' dir='ltr'><strong>rum</strong></span> <span class='ocrx_word' id='word_1_151' title='bbox 275 2424 386 2498; x_wconf 89' lang='lat' dir='ltr'><strong>series</strong></span> <span class='ocrx_word' id='word_1_152' title='bbox 410 2425 608 2520; x_wconf 79' lang='lat' dir='ltr'><strong>ignoratur,</strong></span> <span class='ocrx_word' id='word_1_153' title='bbox 633 2426 674 2496; x_wconf 95' lang='lat' dir='ltr'><strong>in</strong></span> <span class='ocrx_word' id='word_1_154' title='bbox 700 2425 887 2521; x_wconf 73' lang='lat' dir='ltr'><strong>alphabeti</strong></span> <span class='ocrx_word' id='word_1_155' title='bbox 912 2423 1037 2498; x_wconf 88' lang='lat' dir='ltr'><strong>tabula</strong></span> <span class='ocrx_word' id='word_1_156' title='bbox 1060 2423 1340 2522; x_wconf 79' lang='lat' dir='ltr'><strong>lithographica,</strong></span> <span class='ocrx_word' id='word_1_157' title='bbox 1370 2424 1460 2498; x_wconf 89' lang='lat' dir='ltr'><strong>huic</strong></span> <span class='ocrx_word' id='word_1_158' title='bbox 1484 2426 1730 2500; x_wconf 76' lang='lat' dir='ltr'><strong>dissertationi</strong></span> <span class='ocrx_word' id='word_1_159' title='bbox 1755 2425 1904 2516; x_wconf 76' lang='lat' dir='ltr'><strong>adjecta,</strong></span> 
     </span>
     <span class='ocr_line' id='line_1_17' title="bbox 161 2526 1951 2641; baseline 0.001 -29"><span class='ocrx_word' id='word_1_160' title='bbox 161 2566 206 2612; x_wconf 88' lang='lat' dir='ltr'><strong>eo</strong></span> <span class='ocrx_word' id='word_1_161' title='bbox 233 2543 375 2635; x_wconf 85' lang='lat' dir='ltr'><strong>ordine,</strong></span> <span class='ocrx_word' id='word_1_162' title='bbox 409 2566 483 2638; x_wconf 88' lang='lat' dir='ltr'><strong>qno</strong></span> <span class='ocrx_word' id='word_1_163' title='bbox 507 2553 660 2641; x_wconf 88' lang='lat' dir='ltr'><strong>propter</strong></span> <span class='ocrx_word' id='word_1_164' title='bbox 684 2542 875 2616; x_wconf 86' lang='lat' dir='ltr'><strong>literarum</strong></span> <span class='ocrx_word' id='word_1_165' title='bbox 898 2541 1165 2615; x_wconf 85' lang='lat' dir='ltr'><strong>nonnullarum</strong></span> <span class='ocrx_word' id='word_1_166' title='bbox 1189 2526 1476 2639; x_wconf 79' lang='lat' dir='ltr'><strong>permutationes</strong></span> <span class='ocrx_word' id='word_1_167' title='bbox 1500 2544 1765 2619; x_wconf 82' lang='lat' dir='ltr'><strong>vocabulorum</strong></span> <span class='ocrx_word' id='word_1_168' title='bbox 1790 2544 1904 2614; x_wconf 86' lang='lat' dir='ltr'><strong>index</strong></span> <span class='ocrx_word' id='word_1_169' title='bbox 1948 2577 1951 2590; x_wconf 94' lang='lat'><strong>·-</strong></span> 
     </span>
     <span class='ocr_line' id='line_1_18' title="bbox 160 2658 1903 2755; baseline 0 -26"><span class='ocrx_word' id='word_1_170' title='bbox 160 2659 303 2753; x_wconf 88' lang='lat' dir='ltr'><strong>optime</strong></span> <span class='ocrx_word' id='word_1_171' title='bbox 328 2661 547 2750; x_wconf 79' lang='lat' dir='ltr'><strong>instituitur,</strong></span> <span class='ocrx_word' id='word_1_172' title='bbox 572 2659 626 2731; x_wconf 84' lang='lat' dir='ltr'><strong>sic</strong></span> <span class='ocrx_word' id='word_1_173' title='bbox 650 2662 829 2752; x_wconf 75' lang='lat' dir='ltr'><strong>recensui,</strong></span> <span class='ocrx_word' id='word_1_174' title='bbox 854 2671 898 2734; x_wconf 88' lang='lat' dir='ltr'><strong>ut</strong></span> <span class='ocrx_word' id='word_1_175' title='bbox 922 2661 1043 2755; x_wconf 85' lang='lat' dir='ltr'><strong>prima</strong></span> <span class='ocrx_word' id='word_1_176' title='bbox 1066 2658 1240 2732; x_wconf 85' lang='lat' dir='ltr'><strong>columna</strong></span> <span class='ocrx_word' id='word_1_177' title='bbox 1264 2658 1387 2730; x_wconf 81' lang='lat' dir='ltr'><strong>literas</strong></span> <span class='ocrx_word' id='word_1_178' title='bbox 1406 2658 1602 2731; x_wconf 86' lang='lat' dir='ltr'><strong>Umbricas</strong></span> <span class='ocrx_word' id='word_1_179' title='bbox 1628 2671 1774 2753; x_wconf 85' lang='lat' dir='ltr'><strong>quartae</strong></span> <span class='ocrx_word' id='word_1_180' title='bbox 1799 2659 1903 2730; x_wconf 85' lang='lat' dir='ltr'><strong>tabu-</strong></span> 
     </span>
     <span class='ocr_line' id='line_1_19' title="bbox 157 2758 1903 2871; baseline 0.001 -27"><span class='ocrx_word' id='word_1_181' title='bbox 157 2774 216 2846; x_wconf 87' lang='lat' dir='ltr'><strong>lae</strong></span> <span class='ocrx_word' id='word_1_182' title='bbox 243 2800 329 2847; x_wconf 92' lang='lat' dir='ltr'><strong>cum</strong></span> <span class='ocrx_word' id='word_1_183' title='bbox 356 2758 519 2849; x_wconf 29' lang='lat' dir='ltr'><strong>diversis·</strong></span> <span class='ocrx_word' id='word_1_184' title='bbox 535 2775 763 2870; x_wconf 89' lang='lat' dir='ltr'><strong>reliquarum</strong></span> <span class='ocrx_word' id='word_1_185' title='bbox 788 2776 996 2848; x_wconf 87' lang='lat' dir='ltr'><strong>tabularum</strong></span> <span class='ocrx_word' id='word_1_186' title='bbox 1022 2773 1162 2868; x_wconf 72' lang='lat' dir='ltr'><strong>figuris,</strong></span> <span class='ocrx_word' id='word_1_187' title='bbox 1196 2776 1354 2846; x_wconf 90' lang='lat' dir='ltr'><strong>secunda</strong></span> <span class='ocrx_word' id='word_1_188' title='bbox 1379 2774 1501 2847; x_wconf 81' lang='lat' dir='ltr'><strong>literas</strong></span> <span class='ocrx_word' id='word_1_189' title='bbox 1528 2774 1689 2867; x_wconf 68' lang='lat' dir='ltr'><strong>mane,</strong></span> <span class='ocrx_word' id='word_1_190' title='bbox 1722 2786 1903 2871; x_wconf 87' lang='lat' dir='ltr'><strong>quatenus</strong></span> 
     </span>
     <span class='ocr_line' id='line_1_20' title="bbox 157 2889 1903 2986; baseline 0.003 -25"><span class='ocrx_word' id='word_1_191' title='bbox 157 2892 198 2961; x_wconf 91' lang='lat' dir='ltr'><strong>iu</strong></span> <span class='ocrx_word' id='word_1_192' title='bbox 224 2891 290 2982; x_wconf 88' lang='lat' dir='ltr'><strong>VI,</strong></span> <span class='ocrx_word' id='word_1_193' title='bbox 316 2892 390 2965; x_wconf 88' lang='lat' dir='ltr'><strong>VII</strong></span> <span class='ocrx_word' id='word_1_194' title='bbox 417 2890 534 2966; x_wconf 77' lang='lat'>&amp;111</span> <span class='ocrx_word' id='word_1_195' title='bbox 560 2890 694 2962; x_wconf 86' lang='lat' dir='ltr'><strong>tabulis</strong></span> <span class='ocrx_word' id='word_1_196' title='bbox 719 2890 836 2962; x_wconf 87' lang='lat' dir='ltr'><strong>literis</strong></span> <span class='ocrx_word' id='word_1_197' title='bbox 851 2889 1040 2962; x_wconf 89' lang='lat' dir='ltr'><strong>Umbricis</strong></span> <span class='ocrx_word' id='word_1_198' title='bbox 1065 2890 1300 2983; x_wconf 89' lang='lat' dir='ltr'><strong>respondent,</strong></span> <span class='ocrx_word' id='word_1_199' title='bbox 1326 2891 1430 2962; x_wconf 87' lang='lat' dir='ltr'><strong>tertia</strong></span> <span class='ocrx_word' id='word_1_200' title='bbox 1455 2892 1614 2986; x_wconf 87' lang='lat' dir='ltr'><strong>denique</strong></span> <span class='ocrx_word' id='word_1_201' title='bbox 1641 2889 1795 2967; x_wconf 82' lang='lat' dir='ltr'><strong>Graecas</strong></span> <span class='ocrx_word' id='word_1_202' title='bbox 1820 2892 1903 2966; x_wconf 86' lang='lat' dir='ltr'><strong>lits-</strong></span> 
     </span>
     <span class='ocr_line' id='line_1_21' title="bbox 157 3005 1900 3104; baseline 0.002 -25"><span class='ocrx_word' id='word_1_203' title='bbox 157 3031 227 3099; x_wconf 87' lang='lat' dir='ltr'><strong>ras,</strong></span> <span class='ocrx_word' id='word_1_204' title='bbox 264 3010 399 3104; x_wconf 90' lang='lat' dir='ltr'><strong>quibus</strong></span> <span class='ocrx_word' id='word_1_205' title='bbox 425 3006 634 3097; x_wconf 88' lang='lat' dir='ltr'><strong>Umbricas,</strong></span> <span class='ocrx_word' id='word_1_206' title='bbox 669 3006 754 3101; x_wconf 91' lang='lat' dir='ltr'><strong>quia</strong></span> <span class='ocrx_word' id='word_1_207' title='bbox 788 3005 920 3078; x_wconf 91' lang='lat' dir='ltr'><strong>desunt</strong></span> <span class='ocrx_word' id='word_1_208' title='bbox 944 3005 1202 3102; x_wconf 76' lang='lat' dir='ltr'><strong>typographis,</strong></span> <span class='ocrx_word' id='word_1_209' title='bbox 1229 3007 1394 3097; x_wconf 85' lang='lat' dir='ltr'><strong>reddam,</strong></span> <span class='ocrx_word' id='word_1_210' title='bbox 1428 3008 1703 3104; x_wconf 83' lang='lat' dir='ltr'><strong>complectatur.</strong></span> <span class='ocrx_word' id='word_1_211' title='bbox 1754 3008 1900 3083; x_wconf 87' lang='lat' dir='ltr'><strong>Literae</strong></span> 
     </span>
     <span class='ocr_line' id='line_1_22' title="bbox 154 3122 1898 3220; baseline 0.003 -24"><span class='ocrx_word' id='word_1_212' title='bbox 154 3134 281 3196; x_wconf 88' lang='lat' dir='ltr'><strong>autem</strong></span> <span class='ocrx_word' id='word_1_213' title='bbox 311 3125 352 3194; x_wconf 93' lang='lat' dir='ltr'><strong>in</strong></span> <span class='ocrx_word' id='word_1_214' title='bbox 386 3124 561 3220; x_wconf 71' lang='lat' dir='ltr'><strong>quinque,</strong></span> <span class='ocrx_word' id='word_1_215' title='bbox 582 3122 714 3195; x_wconf 85' lang='lat' dir='ltr'><strong>classes</strong></span> <span class='ocrx_word' id='word_1_216' title='bbox 740 3124 793 3194; x_wconf 87' lang='lat' dir='ltr'><strong>sic</strong></span> <span class='ocrx_word' id='word_1_217' title='bbox 827 3124 999 3196; x_wconf 87' lang='lat' dir='ltr'><strong>distribui</strong></span> <span class='ocrx_word' id='word_1_218' title='bbox 1031 3134 1198 3219; x_wconf 89' lang='lat' dir='ltr'><strong>possunt,</strong></span> <span class='ocrx_word' id='word_1_219' title='bbox 1231 3134 1274 3196; x_wconf 91' lang='lat' dir='ltr'><strong>ut</strong></span> <span class='ocrx_word' id='word_1_220' title='bbox 1299 3127 1420 3220; x_wconf 89' lang='lat' dir='ltr'><strong>prima</strong></span> <span class='ocrx_word' id='word_1_221' title='bbox 1453 3125 1656 3217; x_wconf 63' lang='lat' dir='ltr'><strong>ivocales</strong></span> <span class='ocrx_word' id='word_1_222' title='bbox 1692 3128 1898 3203; x_wconf 75' lang='lat' dir='ltr'><strong>secundat</strong></span> 
     </span>
     <span class='ocr_line' id='line_1_23' title="bbox 155 3239 1899 3337; baseline 0.002 -24"><span class='ocrx_word' id='word_1_223' title='bbox 155 3243 346 3337; x_wconf 77' lang='lat' dir='ltr'><strong>aspiratae,</strong></span> <span class='ocrx_word' id='word_1_224' title='bbox 381 3242 487 3314; x_wconf 85' lang='lat' dir='ltr'><strong>tertia</strong></span> <span class='ocrx_word' id='word_1_225' title='bbox 511 3240 536 3314; x_wconf 90' lang='grc'>4</span> <span class='ocrx_word' id='word_1_226' title='bbox 560 3250 695 3331; x_wconf 88' lang='lat' dir='ltr'><strong>mutas,</strong></span> <span class='ocrx_word' id='word_1_227' title='bbox 729 3248 856 3336; x_wconf 86' lang='lat' dir='ltr'><strong>quarta</strong></span> <span class='ocrx_word' id='word_1_228' title='bbox 881 3239 904 3314; x_wconf 87' lang='grc'>4</span> <span class='ocrx_word' id='word_1_229' title='bbox 929 3240 1099 3337; x_wconf 87' lang='lat' dir='ltr'><strong>liquidas,</strong></span> <span class='ocrx_word' id='word_1_230' title='bbox 1134 3243 1262 3336; x_wconf 90' lang='lat' dir='ltr'><strong>quinta</strong></span> <span class='ocrx_word' id='word_1_231' title='bbox 1293 3241 1316 3316; x_wconf 87' lang='grc'>4</span> <span class='ocrx_word' id='word_1_232' title='bbox 1342 3240 1531 3314; x_wconf 87' lang='lat' dir='ltr'><strong>sibilantes</strong></span> <span class='ocrx_word' id='word_1_233' title='bbox 1557 3245 1755 3316; x_wconf 75' lang='lat' dir='ltr'><strong>contineat:</strong></span> <span class='ocrx_word' id='word_1_234' title='bbox 1794 3244 1899 3317; x_wconf 91' lang='lat' dir='ltr'><strong>litera</strong></span> 
     </span>
     <span class='ocr_line' id='line_1_24' title="bbox 153 3357 1896 3458; baseline 0.002 -28"><span class='ocrx_word' id='word_1_235' title='bbox 153 3358 184 3421; x_wconf 70' lang='grc' dir='ltr'><strong><em>θ</em></strong></span> <span class='ocrx_word' id='word_1_236' title='bbox 207 3369 331 3430; x_wconf 85' lang='lat' dir='ltr'><strong>tamen</strong></span> <span class='ocrx_word' id='word_1_237' title='bbox 355 3359 416 3430; x_wconf 87' lang='lat' dir='ltr'><strong>bis</strong></span> <span class='ocrx_word' id='word_1_238' title='bbox 440 3369 584 3431; x_wconf 84' lang='lat' dir='ltr'><strong>tantum</strong></span> <span class='ocrx_word' id='word_1_239' title='bbox 610 3359 641 3448; x_wconf 96' lang='lat' dir='ltr'><strong>I,</strong></span> <span class='ocrx_word' id='word_1_240' title='bbox 670 3357 734 3447; x_wconf 83' lang='lat'><strong>20,</strong></span> <span class='ocrx_word' id='word_1_241' title='bbox 771 3357 871 3429; x_wconf 87' lang='lat' dir='ltr'><strong>med.</strong></span> <span class='ocrx_word' id='word_1_242' title='bbox 906 3359 939 3430; x_wconf 81' lang='lat' dir='ltr'><strong>dt</strong></span> <span class='ocrx_word' id='word_1_243' title='bbox 977 3357 1044 3448; x_wconf 87' lang='lat' dir='ltr'><strong>IV,</strong></span> <span class='ocrx_word' id='word_1_244' title='bbox 1070 3382 1103 3447; x_wconf 90' lang='lat' dir='ltr'><strong>a,</strong></span> <span class='ocrx_word' id='word_1_245' title='bbox 1132 3359 1164 3446; x_wconf 92' lang='lat'><strong>1,</strong></span> <span class='ocrx_word' id='word_1_246' title='bbox 1197 3359 1294 3431; x_wconf 87' lang='lat' dir='ltr'><strong>med.</strong></span> <span class='ocrx_word' id='word_1_247' title='bbox 1328 3382 1397 3454; x_wconf 88' lang='lat' dir='ltr'><strong>pro</strong></span> <span class='ocrx_word' id='word_1_248' title='bbox 1430 3357 1535 3431; x_wconf 81' lang='lat' dir='ltr'><strong>litera</strong></span> <span class='ocrx_word' id='word_1_249' title='bbox 1558 3383 1579 3425; x_wconf 88' lang='grc' dir='ltr'><strong><em>τ</em></strong></span> <span class='ocrx_word' id='word_1_250' title='bbox 1602 3363 1722 3456; x_wconf 88' lang='lat' dir='ltr'><strong>posita</strong></span> <span class='ocrx_word' id='word_1_251' title='bbox 1752 3360 1896 3458; x_wconf 82' lang='lat' dir='ltr'><strong>legitur.</strong></span> 
     </span>
     <span class='ocr_line' id='line_1_25' title="bbox 154 3472 1897 3576; baseline 0.003 -29"><span class='ocrx_word' id='word_1_252' title='bbox 154 3472 333 3547; x_wconf 81' lang='lat' dir='ltr'><strong>Ceterum</strong></span> <span class='ocrx_word' id='word_1_253' title='bbox 372 3499 393 3547; x_wconf 85' lang='lat' dir='ltr'><strong>o</strong></span> <span class='ocrx_word' id='word_1_254' title='bbox 423 3475 640 3548; x_wconf 87' lang='lat' dir='ltr'><strong>Latinarum</strong></span> <span class='ocrx_word' id='word_1_255' title='bbox 673 3473 862 3547; x_wconf 89' lang='lat' dir='ltr'><strong>literarum</strong></span> <span class='ocrx_word' id='word_1_256' title='bbox 900 3497 1053 3546; x_wconf 87' lang='lat' dir='ltr'><strong>recensu</strong></span> <span class='ocrx_word' id='word_1_257' title='bbox 1092 3476 1287 3548; x_wconf 82' lang='lat' dir='ltr'><strong>manifesto</strong></span> <span class='ocrx_word' id='word_1_258' title='bbox 1311 3474 1546 3571; x_wconf 81' lang='lat' dir='ltr'><strong>intelligitur,</strong></span> <span class='ocrx_word' id='word_1_259' title='bbox 1578 3503 1697 3576; x_wconf 88' lang='lat' dir='ltr'><strong>neque</strong></span> <span class='ocrx_word' id='word_1_260' title='bbox 1731 3480 1897 3553; x_wconf 84' lang='lat' dir='ltr'><strong>Tuscum</strong></span> 
     </span>
     <span class='ocr_line' id='line_1_26' title="bbox 153 3591 1896 3689; baseline 0.002 -25"><span class='ocrx_word' id='word_1_261' title='bbox 153 3616 276 3689; x_wconf 89' lang='lat' dir='ltr'><strong>neque</strong></span> <span class='ocrx_word' id='word_1_262' title='bbox 293 3591 474 3666; x_wconf 90' lang='lat' dir='ltr'><strong>Latinum</strong></span> <span class='ocrx_word' id='word_1_263' title='bbox 499 3591 739 3686; x_wconf 92' lang='lat' dir='ltr'><strong>alphabetum</strong></span> <span class='ocrx_word' id='word_1_264' title='bbox 765 3591 852 3663; x_wconf 85' lang='lat' dir='ltr'><strong>satis</strong></span> <span class='ocrx_word' id='word_1_265' title='bbox 878 3601 1005 3686; x_wconf 90' lang='lat' dir='ltr'><strong>aptum</strong></span> <span class='ocrx_word' id='word_1_266' title='bbox 1021 3591 1134 3664; x_wconf 84' lang='lat' dir='ltr'><strong>luisse</strong></span> <span class='ocrx_word' id='word_1_267' title='bbox 1160 3592 1205 3663; x_wconf 91' lang='lat' dir='ltr'><strong>ad</strong></span> <span class='ocrx_word' id='word_1_268' title='bbox 1230 3616 1336 3663; x_wconf 88' lang='lat' dir='ltr'><strong>veros</strong></span> <span class='ocrx_word' id='word_1_269' title='bbox 1348 3591 1610 3667; x_wconf 88' lang='lat' dir='ltr'><strong>Umbricarum</strong></span> <span class='ocrx_word' id='word_1_270' title='bbox 1635 3621 1769 3668; x_wconf 88' lang='lat' dir='ltr'><strong>vocum</strong></span> <span class='ocrx_word' id='word_1_271' title='bbox 1787 3622 1896 3670; x_wconf 88' lang='lat' dir='ltr'><strong>sonos</strong></span> 
     </span>
     <span class='ocr_line' id='line_1_27' title="bbox 152 3707 1895 3806; baseline 0.003 -26"><span class='ocrx_word' id='word_1_272' title='bbox 152 3709 426 3805; x_wconf 86' lang='lat' dir='ltr'><strong>exprimendos,</strong></span> <span class='ocrx_word' id='word_1_273' title='bbox 464 3733 599 3804; x_wconf 90' lang='lat' dir='ltr'><strong>cosque</strong></span> <span class='ocrx_word' id='word_1_274' title='bbox 624 3710 732 3780; x_wconf 92' lang='lat' dir='ltr'><strong>nobis</strong></span> <span class='ocrx_word' id='word_1_275' title='bbox 770 3707 950 3781; x_wconf 87' lang='lat' dir='ltr'><strong>eruendos</strong></span> <span class='ocrx_word' id='word_1_276' title='bbox 985 3732 1063 3781; x_wconf 87' lang='lat' dir='ltr'><strong>esse</strong></span> <span class='ocrx_word' id='word_1_277' title='bbox 1097 3732 1143 3779; x_wconf 85' lang='lat' dir='ltr'><strong>ex</strong></span> <span class='ocrx_word' id='word_1_278' title='bbox 1172 3711 1364 3804; x_wconf 89' lang='lat' dir='ltr'><strong>utriusque</strong></span> <span class='ocrx_word' id='word_1_279' title='bbox 1396 3710 1595 3806; x_wconf 87' lang='lat' dir='ltr'><strong>scripturas</strong></span> <span class='ocrx_word' id='word_1_280' title='bbox 1627 3715 1816 3785; x_wconf 86' lang='lat' dir='ltr'><strong>varietate:</strong></span> <span class='ocrx_word' id='word_1_281' title='bbox 1854 3715 1895 3786; x_wconf 93' lang='lat' dir='ltr'><strong>id</strong></span> 
     </span>
     <span class='ocr_line' id='line_1_28' title="bbox 152 3824 1894 3927; baseline 0.003 -29"><span class='ocrx_word' id='word_1_282' title='bbox 152 3827 254 3922; x_wconf 87' lang='lat' dir='ltr'><strong>quod</strong></span> <span class='ocrx_word' id='word_1_283' title='bbox 276 3829 318 3898; x_wconf 94' lang='lat' dir='ltr'><strong>in</strong></span> <span class='ocrx_word' id='word_1_284' title='bbox 344 3827 512 3923; x_wconf 87' lang='lat' dir='ltr'><strong>sequenti</strong></span> <span class='ocrx_word' id='word_1_285' title='bbox 536 3824 714 3921; x_wconf 89' lang='lat' dir='ltr'><strong>particula</strong></span> <span class='ocrx_word' id='word_1_286' title='bbox 739 3826 967 3898; x_wconf 89' lang='lat' dir='ltr'><strong>conabimur.</strong></span> <span class='ocrx_word' id='word_1_287' title='bbox 1018 3825 1092 3897; x_wconf 90' lang='lat' dir='ltr'><strong>Hic</strong></span> <span class='ocrx_word' id='word_1_288' title='bbox 1117 3828 1263 3899; x_wconf 86' lang='lat' dir='ltr'><strong>moneri</strong></span> <span class='ocrx_word' id='word_1_289' title='bbox 1289 3826 1458 3918; x_wconf 85' lang='lat' dir='ltr'><strong>sufficiat,</strong></span> <span class='ocrx_word' id='word_1_290' title='bbox 1484 3828 1616 3901; x_wconf 88' lang='lat' dir='ltr'><strong>Tuscis</strong></span> <span class='ocrx_word' id='word_1_291' title='bbox 1642 3828 1759 3901; x_wconf 87' lang='lat' dir='ltr'><strong>literis</strong></span> <span class='ocrx_word' id='word_1_292' title='bbox 1773 3855 1894 3927; x_wconf 85' lang='lat' dir='ltr'><strong>neque</strong></span> 
     </span>
     <span class='ocr_line' id='line_1_29' title="bbox 152 3940 1894 4039; baseline 0.001 -21"><span class='ocrx_word' id='word_1_293' title='bbox 152 3965 175 4018; x_wconf 86' lang='lat' dir='ltr'><strong>o</strong></span> <span class='ocrx_word' id='word_1_294' title='bbox 199 3943 377 4035; x_wconf 87' lang='lat' dir='ltr'><strong>vocalem,</strong></span> <span class='ocrx_word' id='word_1_295' title='bbox 409 3967 528 4039; x_wconf 92' lang='lat' dir='ltr'><strong>neque</strong></span> <span class='ocrx_word' id='word_1_296' title='bbox 553 3943 717 4015; x_wconf 89' lang='lat' dir='ltr'><strong>mediam</strong></span> <span class='ocrx_word' id='word_1_297' title='bbox 742 3943 927 4039; x_wconf 88' lang='lat' dir='ltr'><strong>quandam</strong></span> <span class='ocrx_word' id='word_1_298' title='bbox 951 3940 1097 4014; x_wconf 85' lang='lat' dir='ltr'><strong>literam</strong></span> <span class='ocrx_word' id='word_1_299' title='bbox 1122 3943 1233 4015; x_wconf 89' lang='lat' dir='ltr'><strong>scribi</strong></span> <span class='ocrx_word' id='word_1_300' title='bbox 1257 3944 1432 4039; x_wconf 87' lang='lat' dir='ltr'><strong>potuisse,</strong></span> <span class='ocrx_word' id='word_1_301' title='bbox 1465 3968 1578 4039; x_wconf 86' lang='lat' dir='ltr'><strong>quam</strong></span> <span class='ocrx_word' id='word_1_302' title='bbox 1604 3945 1651 4017; x_wconf 96' lang='lat' dir='ltr'><strong>ob</strong></span> <span class='ocrx_word' id='word_1_303' title='bbox 1679 3971 1825 4019; x_wconf 87' lang='lat' dir='ltr'><strong>causam</strong></span> <span class='ocrx_word' id='word_1_304' title='bbox 1849 3946 1894 4020; x_wconf 89' lang='lat' dir='ltr'><strong>li-</strong></span> 
     </span>
     <span class='ocr_line' id='line_1_30' title="bbox 150 4058 1893 4155; baseline 0.005 -24"><span class='ocrx_word' id='word_1_305' title='bbox 150 4070 228 4132; x_wconf 82' lang='lat' dir='ltr'><strong>tera</strong></span> <span class='ocrx_word' id='word_1_306' title='bbox 254 4059 276 4133; x_wconf 83' lang='lat' dir='ltr'><strong>b</strong></span> <span class='ocrx_word' id='word_1_307' title='bbox 302 4086 322 4133; x_wconf 87' lang='lat' dir='ltr'><strong>s</strong></span> <span class='ocrx_word' id='word_1_308' title='bbox 347 4061 567 4134; x_wconf 86' lang='lat' dir='ltr'><strong>Latinorum</strong></span> <span class='ocrx_word' id='word_1_309' title='bbox 593 4058 788 4155; x_wconf 87' lang='lat' dir='ltr'><strong>alphabeto</strong></span> <span class='ocrx_word' id='word_1_310' title='bbox 814 4070 1002 4154; x_wconf 89' lang='lat' dir='ltr'><strong>assumpta</strong></span> <span class='ocrx_word' id='word_1_311' title='bbox 1027 4069 1106 4151; x_wconf 74' lang='lat' dir='ltr'><strong>est,</strong></span> <span class='ocrx_word' id='word_1_312' title='bbox 1132 4083 1178 4131; x_wconf 84' lang='lat' dir='ltr'><strong>ex</strong></span> <span class='ocrx_word' id='word_1_313' title='bbox 1203 4061 1369 4154; x_wconf 87' lang='lat' dir='ltr'><strong>aspiratis</strong></span> <span class='ocrx_word' id='word_1_314' title='bbox 1393 4084 1480 4133; x_wconf 80' lang='lat' dir='ltr'><strong>vero</strong></span> <span class='ocrx_word' id='word_1_315' title='bbox 1505 4059 1634 4155; x_wconf 78' lang='lat' dir='ltr'><strong>literis,</strong></span> <span class='ocrx_word' id='word_1_316' title='bbox 1660 4066 1691 4136; x_wconf 89' lang='lat' dir='ltr'><strong>si</strong></span> <span class='ocrx_word' id='word_1_317' title='bbox 1717 4067 1762 4137; x_wconf 92' lang='lat' dir='ltr'><strong>ab</strong></span> <span class='ocrx_word' id='word_1_318' title='bbox 1788 4064 1893 4138; x_wconf 88' lang='lat' dir='ltr'><strong>litera</strong></span> 
     </span>
     <span class='ocr_line' id='line_1_31' title="bbox 150 4175 1892 4279; baseline 0.004 -31"><span class='ocrx_word' id='word_1_319' title='bbox 150 4206 177 4273; x_wconf 87' lang='grc' dir='ltr'><strong><em>φ</em></strong></span> <span class='ocrx_word' id='word_1_320' title='bbox 202 4177 423 4270; x_wconf 86' lang='lat' dir='ltr'><strong>discesseris,</strong></span> <span class='ocrx_word' id='word_1_321' title='bbox 449 4177 592 4251; x_wconf 89' lang='lat' dir='ltr'><strong>nullam</strong></span> <span class='ocrx_word' id='word_1_322' title='bbox 607 4176 722 4248; x_wconf 88' lang='lat' dir='ltr'><strong>fuisse</strong></span> <span class='ocrx_word' id='word_1_323' title='bbox 745 4178 1000 4250; x_wconf 87' lang='lat' dir='ltr'><strong>necessariam.</strong></span> <span class='ocrx_word' id='word_1_324' title='bbox 1039 4176 1139 4248; x_wconf 92' lang='lat' dir='ltr'><strong>Hinc</strong></span> <span class='ocrx_word' id='word_1_325' title='bbox 1159 4175 1265 4249; x_wconf 87' lang='lat' dir='ltr'><strong>litera</strong></span> <span class='ocrx_word' id='word_1_326' title='bbox 1288 4196 1310 4254; x_wconf 80' lang='lat' dir='ltr'><em>x</em></span> <span class='ocrx_word' id='word_1_327' title='bbox 1337 4201 1540 4279; x_wconf 87' lang='lat' dir='ltr'><strong>nusquam,</strong></span> <span class='ocrx_word' id='word_1_328' title='bbox 1557 4179 1662 4252; x_wconf 87' lang='lat' dir='ltr'><strong>litera</strong></span> <span class='ocrx_word' id='word_1_329' title='bbox 1687 4194 1725 4273; x_wconf 75' lang='lat' dir='ltr'><strong>s,</strong></span> <span class='ocrx_word' id='word_1_330' title='bbox 1751 4194 1793 4256; x_wconf 92' lang='lat' dir='ltr'><strong>ut</strong></span> <span class='ocrx_word' id='word_1_331' title='bbox 1817 4185 1892 4275; x_wconf 90' lang='lat' dir='ltr'><strong>jam</strong></span> 
     </span>
     <span class='ocr_line' id='line_1_32' title="bbox 149 4282 2003 4391; baseline 0.004 -26"><span class='ocrx_word' id='word_1_332' title='bbox 149 4294 281 4365; x_wconf 88' lang='lat' dir='ltr'><strong>monui</strong></span> <span class='ocrx_word' id='word_1_333' title='bbox 306 4293 364 4364; x_wconf 91' lang='lat' dir='ltr'><strong>bis</strong></span> <span class='ocrx_word' id='word_1_334' title='bbox 390 4296 511 4385; x_wconf 48' lang='lat' dir='ltr'><strong>‚modo</strong></span> <span class='ocrx_word' id='word_1_335' title='bbox 536 4318 605 4391; x_wconf 90' lang='lat' dir='ltr'><strong>pro</strong></span> <span class='ocrx_word' id='word_1_336' title='bbox 630 4291 824 4387; x_wconf 75' lang='lat' dir='ltr'><strong>elegitur,</strong></span> <span class='ocrx_word' id='word_1_337' title='bbox 863 4293 1005 4366; x_wconf 88' lang='lat' dir='ltr'><strong>additae</strong></span> <span class='ocrx_word' id='word_1_338' title='bbox 1041 4304 1126 4367; x_wconf 89' lang='lat' dir='ltr'><strong>sunt</strong></span> <span class='ocrx_word' id='word_1_339' title='bbox 1153 4295 1378 4378; x_wconf 88' lang='lat' dir='ltr'><strong>econtrario</strong></span> <span class='ocrx_word' id='word_1_340' title='bbox 1412 4282 1554 4391; x_wconf 85' lang='lat' dir='ltr'><strong>praeter</strong></span> <span class='ocrx_word' id='word_1_341' title='bbox 1579 4295 1601 4369; x_wconf 88' lang='lat' dir='ltr'><strong>b</strong></span> <span class='ocrx_word' id='word_1_342' title='bbox 1626 4297 1772 4371; x_wconf 91' lang='lat' dir='ltr'><strong>literam</strong></span> <span class='ocrx_word' id='word_1_343' title='bbox 1798 4301 1891 4372; x_wconf 89' lang='lat' dir='ltr'><strong>duae</strong></span> <span class='ocrx_word' id='word_1_344' title='bbox 1999 4297 2003 4305; x_wconf 79' lang='grc'><strong>’</strong></span> 
     </span>
     <span class='ocr_line' id='line_1_33' title="bbox 149 4404 1076 4504; baseline 0.005 -25"><span class='ocrx_word' id='word_1_345' title='bbox 149 4408 338 4481; x_wconf 87' lang='lat' dir='ltr'><strong>sibilantes</strong></span> <span class='ocrx_word' id='word_1_346' title='bbox 363 4404 384 4497; x_wconf 72' lang='lat' dir='ltr'><strong>ll</strong></span> <span class='ocrx_word' id='word_1_347' title='bbox 412 4412 492 4504; x_wconf 70' lang='grc' dir='ltr'><strong>διζ,</strong></span> <span class='ocrx_word' id='word_1_348' title='bbox 518 4435 563 4482; x_wconf 86' lang='lat' dir='ltr'><strong>ex</strong></span> <span class='ocrx_word' id='word_1_349' title='bbox 587 4406 692 4482; x_wconf 90' lang='lat' dir='ltr'><strong>litera</strong></span> <span class='ocrx_word' id='word_1_350' title='bbox 717 4408 739 4482; x_wconf 87' lang='lat' dir='ltr'><strong>b</strong></span> <span class='ocrx_word' id='word_1_351' title='bbox 764 4410 862 4482; x_wconf 87' lang='lat' dir='ltr'><strong>varie</strong></span> <span class='ocrx_word' id='word_1_352' title='bbox 888 4411 1076 4484; x_wconf 78' lang='lat' dir='ltr'><strong>formatae.</strong></span> 
     </span>
    </p>
   </div>
   <div class='ocr_carea' id='block_1_6' title="bbox 148 4541 1889 5002">
    <p class='ocr_par' dir='ltr' id='par_1_6' title="bbox 148 4541 1889 5002">
     <span class='ocr_line' id='line_1_34' title="bbox 314 4541 1889 4645; baseline 0.003 -25"><span class='ocrx_word' id='word_1_353' title='bbox 314 4544 352 4620; x_wconf 87' lang='grc'><strong>5.</strong></span> <span class='ocrx_word' id='word_1_354' title='bbox 403 4546 449 4617; x_wconf 93' lang='lat' dir='ltr'><strong>Iu</strong></span> <span class='ocrx_word' id='word_1_355' title='bbox 482 4544 616 4617; x_wconf 91' lang='lat' dir='ltr'><strong>Latino</strong></span> <span class='ocrx_word' id='word_1_356' title='bbox 651 4543 845 4640; x_wconf 89' lang='lat' dir='ltr'><strong>alphabeto</strong></span> <span class='ocrx_word' id='word_1_357' title='bbox 869 4570 904 4637; x_wconf 81' lang='lat' dir='ltr'><strong>o,</strong></span> <span class='ocrx_word' id='word_1_358' title='bbox 931 4559 973 4620; x_wconf 90' lang='lat' dir='ltr'><strong>ut</strong></span> <span class='ocrx_word' id='word_1_359' title='bbox 997 4547 1012 4622; x_wconf 86' lang='lat' dir='ltr'><strong>i</strong></span> <span class='ocrx_word' id='word_1_360' title='bbox 1038 4546 1137 4642; x_wconf 91' lang='lat' dir='ltr'><strong>apud</strong></span> <span class='ocrx_word' id='word_1_361' title='bbox 1169 4541 1312 4619; x_wconf 87' lang='lat' dir='ltr'><strong>Tuscos</strong></span> <span class='ocrx_word' id='word_1_362' title='bbox 1346 4573 1504 4645; x_wconf 86' lang='lat' dir='ltr'><strong>quoquo,</strong></span> <span class='ocrx_word' id='word_1_363' title='bbox 1541 4549 1656 4621; x_wconf 87' lang='lat' dir='ltr'><strong>simul</strong></span> <span class='ocrx_word' id='word_1_364' title='bbox 1688 4576 1889 4624; x_wconf 87' lang='lat' dir='ltr'><strong>consonans</strong></span> 
     </span>
     <span class='ocr_line' id='line_1_35' title="bbox 148 4660 1889 4765; baseline 0.005 -33"><span class='ocrx_word' id='word_1_365' title='bbox 148 4670 255 4757; x_wconf 73' lang='lat' dir='ltr'><strong>alque</strong></span> <span class='ocrx_word' id='word_1_366' title='bbox 291 4660 425 4733; x_wconf 88' lang='lat' dir='ltr'><strong>vocalis</strong></span> <span class='ocrx_word' id='word_1_367' title='bbox 459 4673 546 4753; x_wconf 89' lang='lat' dir='ltr'><strong>erat,</strong></span> <span class='ocrx_word' id='word_1_368' title='bbox 585 4674 799 4760; x_wconf 87' lang='lat' dir='ltr'><strong>praeterque</strong></span> <span class='ocrx_word' id='word_1_369' title='bbox 823 4665 931 4765; x_wconf 70' lang='grc' dir='ltr'><em>ρἀ</em></span> <span class='ocrx_word' id='word_1_370' title='bbox 953 4663 1142 4737; x_wconf 87' lang='lat' dir='ltr'><strong>sibilantes</strong></span> <span class='ocrx_word' id='word_1_371' title='bbox 1169 4673 1189 4756; x_wconf 90' lang='grc' dir='ltr'>ζ</span> <span class='ocrx_word' id='word_1_372' title='bbox 1215 4688 1361 4760; x_wconf 89' lang='lat' dir='ltr'><strong>quoque</strong></span> <span class='ocrx_word' id='word_1_373' title='bbox 1395 4667 1529 4755; x_wconf 90' lang='lat' dir='ltr'><strong>deerat,</strong></span> <span class='ocrx_word' id='word_1_374' title='bbox 1568 4668 1688 4741; x_wconf 91' lang='lat' dir='ltr'><strong>multo</strong></span> <span class='ocrx_word' id='word_1_375' title='bbox 1727 4672 1889 4741; x_wconf 88' lang='lat' dir='ltr'><strong>seriusa</strong></span> 
     </span>
     <span class='ocr_line' id='line_1_36' title="bbox 148 4774 1889 4880; baseline 0.004 -28"><span class='ocrx_word' id='word_1_376' title='bbox 148 4774 296 4852; x_wconf 89' lang='lat' dir='ltr'><strong>Graecis</strong></span> <span class='ocrx_word' id='word_1_377' title='bbox 321 4790 519 4875; x_wconf 84' lang='lat' dir='ltr'><strong>assumpta.</strong></span> <span class='ocrx_word' id='word_1_378' title='bbox 559 4780 659 4851; x_wconf 91' lang='lat' dir='ltr'><strong>Hinc</strong></span> <span class='ocrx_word' id='word_1_379' title='bbox 683 4805 752 4876; x_wconf 92' lang='lat' dir='ltr'><strong>pro</strong></span> <span class='ocrx_word' id='word_1_380' title='bbox 776 4803 799 4854; x_wconf 81' lang='lat' dir='ltr'><strong>u</strong></span> <span class='ocrx_word' id='word_1_381' title='bbox 826 4793 1046 4856; x_wconf 87' lang='lat' dir='ltr'><strong>consonante</strong></span> <span class='ocrx_word' id='word_1_382' title='bbox 1071 4781 1259 4853; x_wconf 92' lang='lat' dir='ltr'><strong>interdum</strong></span> <span class='ocrx_word' id='word_1_383' title='bbox 1284 4805 1330 4855; x_wconf 84' lang='lat' dir='ltr'><strong>uc</strong></span> <span class='ocrx_word' id='word_1_384' title='bbox 1356 4784 1623 4879; x_wconf 86' lang='lat' dir='ltr'><strong>scriptumest,</strong></span> <span class='ocrx_word' id='word_1_385' title='bbox 1649 4797 1756 4880; x_wconf 89' lang='lat' dir='ltr'><strong>atque</strong></span> <span class='ocrx_word' id='word_1_386' title='bbox 1782 4784 1889 4858; x_wconf 91' lang='lat' dir='ltr'><strong>litera</strong></span> 
     </span>
     <span class='ocr_line' id='line_1_37' title="bbox 149 4896 1887 5002; baseline 0.006 -36"><span class='ocrx_word' id='word_1_387' title='bbox 149 4916 259 4990; x_wconf 86' lang='lat' dir='ltr'><strong>apro</strong></span> <span class='ocrx_word' id='word_1_388' title='bbox 283 4896 517 4972; x_wconf 88' lang='lat' dir='ltr'><strong>sibilantibus</strong></span> <span class='ocrx_word' id='word_1_389' title='bbox 542 4897 716 4971; x_wconf 90' lang='lat' dir='ltr'><strong>omnibus</strong></span> <span class='ocrx_word' id='word_1_390' title='bbox 731 4900 907 4995; x_wconf 88' lang='lat' dir='ltr'><strong>positum,</strong></span> <span class='ocrx_word' id='word_1_391' title='bbox 932 4902 1006 4974; x_wconf 85' lang='lat' dir='ltr'><strong>nisi</strong></span> <span class='ocrx_word' id='word_1_392' title='bbox 1030 4899 1131 4997; x_wconf 88' lang='lat' dir='ltr'><strong>quod</strong></span> <span class='ocrx_word' id='word_1_393' title='bbox 1155 4908 1176 5002; x_wconf 77' lang='grc' dir='ltr'><strong>ῥ</strong></span> <span class='ocrx_word' id='word_1_394' title='bbox 1204 4923 1270 4996; x_wconf 91' lang='lat' dir='ltr'><strong>per</strong></span> <span class='ocrx_word' id='word_1_395' title='bbox 1296 4922 1337 4974; x_wconf 82' lang='lat' dir='ltr'><strong>rs</strong></span> <span class='ocrx_word' id='word_1_396' title='bbox 1362 4901 1480 4991; x_wconf 89' lang='lat' dir='ltr'><strong>reddi,</strong></span> <span class='ocrx_word' id='word_1_397' title='bbox 1508 4912 1665 4995; x_wconf 57' lang='lat' dir='ltr'><strong>{autem</strong></span> <span class='ocrx_word' id='word_1_398' title='bbox 1688 4902 1797 4974; x_wconf 88' lang='lat' dir='ltr'><strong>litera</strong></span> <span class='ocrx_word' id='word_1_399' title='bbox 1821 4928 1887 4999; x_wconf 87' lang='lat' dir='ltr'><strong>per</strong></span> 
     </span>
    </p>
   </div>
   <div class='ocr_carea' id='block_1_7' title="bbox 0 0 2186 5754">
    <p class='ocr_par' dir='ltr' id='par_1_7' title="bbox 0 0 2186 5754">
     <span class='ocr_line' id='line_1_38' title="bbox 0 0 2186 5754; baseline 0 13"><span class='ocrx_word' id='word_1_400' title='bbox 0 0 2186 5754; x_wconf 95' lang='lat' dir='ltr'><strong> </strong></span> 
     </span>
    </p>
   </div>
  </div>
 </body>
</html>
