4364 5754
570 1706 1625 1893 inoefotio..

861 2093 1224 2106 ...Μ

117 2493 121 2501 x
335 2355 403 2488 P
403 2411 531 2486 erutis
563 2408 660 2503 illis,
703 2433 953 2507 quaecumque
984 2409 1081 2489 mibi
1113 2405 1379 2505 praemittenda
1407 2405 1626 2483 videbantur
1662 2403 1901 2502 Iguvium
2019 2411 2057 2498 J

173 2562 379 2638 ubularum
403 2564 786 2660 interpretationibus,
823 2558 1119 2658 antiquissimam
1144 2559 1334 2646 annisu,
1370 2567 1537 2652 quartam
1561 2556 1702 2634 scilioet
1723 2560 1900 2652 tabulam,
1929 2592 1936 2609 x

172 2739 270 2788 nunc
295 2741 475 2812 exponere
501 2739 630 2806 eonor,
660 2715 798 2810 quippe
821 2737 894 2809 que
917 2711 1031 2789 smel
1055 2708 1234 2806 plurimas
1258 2706 1524 2793 Umbrioorum
1544 2709 1744 2787 nummum
1768 2713 1899 2791 verbo,
2015 2711 2026 2723 “

172 2841 318 2957 rumve,
344 2892 436 2962 quae
459 2867 613 2964 quidem
637 2864 684 2937 ad
706 2873 873 2939 nostram
897 2871 1052 2939 mittem
1083 2869 1339 2956 pervenerunt,
1368 2858 1547 2939 flexionct
1574 2862 1762 2941 discimus.
1814 2865 1901 2966 Quo

170 3017 315 3091 facilius
338 3027 464 3090 eutem
488 3038 599 3093 omne
622 3014 724 3093 illius
749 3013 1176 3109 nbusesrgumentum
1200 3013 1483 3108 perspicerem,
1513 3017 1798 3108 commentario,
1823 3039 1899 3114 quo

171 3167 314 3264 singula
337 3169 544 3264 probarem,
568 3166 839 3240 interlinearem
857 3168 1063 3239 versionem
1078 3164 1382 3260 praemittendam
1406 3166 1545 3261 peuri,
1569 3165 1797 3264 singulisque
1820 3178 1899 3245 osui

168 3321 331 3392 tionibus
368 3330 579 3416 argumenta
612 3319 838 3392 brevissimis
871 3319 993 3391 verbis
1029 3317 1284 3413 praescripsi·
1310 3317 1356 3390 ln
1388 3316 1555 3390 versione
1586 3338 1674 3390 vero
1707 3343 1750 3390 ea
1786 3323 1898 3395 verba

169 3473 294 3564 potius
319 3470 433 3568 elegi,
472 3496 563 3567 quae
588 3471 776 3545 Umbricis
807 3480 928 3544 essent
961 3469 1172 3563 simillima,
1210 3493 1322 3566 quem
1355 3493 1447 3566 quae
1485 3469 1590 3544 stilus
1623 3473 1716 3544 bone
1741 3471 1896 3547 Latinus

168 3634 351 3717 posceret,
386 3624 522 3720 quippe
547 3647 665 3719 quum
690 3620 866 3696 Umbrica
897 3621 1080 3697 illustrare
1105 3620 1275 3714 mallem,
1314 3624 1543 3720 quambene
1568 3622 1700 3706 Latine
1725 3625 1927 3732 scribere.'=

169 3774 328 3847 Nomina
351 3778 519 3873 proprie,
558 3800 717 3872 quorum
749 3775 886 3848 similia
918 3779 1016 3871 apud
1041 3775 1224 3848 Romanos
1259 3775 1453 3870 scriptores
1487 3798 1563 3846 non
1596 3772 1766 3867 leguntur
1772 3827 1784 3867 ,
1818 3800 1895 3850 non

167 3937 308 3999 mutata
331 3926 550 4024 plerumque
574 3928 731 4018 reddidi,
756 3938 803 4018 et,
829 3950 886 4016 ne,
913 3928 1012 4022 quod
1036 3888 1132 3999 mibi
1156 3927 1229 4021 ipsi
1253 3926 1423 4022 placeret,
1453 3925 1543 3997 alios
1569 3948 1714 4022 quoque
1738 3929 1894 4022 probare

167 4034 357 4170 cogerem,
394 4102 442 4150 ne
467 4074 615 4152 Fidium
641 4079 791 4172 quidem
818 4073 976 4154 sarcum
1002 4079 1079 4150 sive
1104 4056 1297 4169 sordem,
1331 4100 1423 4173 quae
1447 4078 1598 4150 nomine
1622 4078 1663 4149 in
1686 4079 1894 4177 inscriptio-

166 4227 276 4299 nibus
299 4226 475 4301 Romauis
500 4238 537 4302 et
560 4229 833 4302 Veronensibus
853 4229 1051 4326 leguntur,
1088 4254 1156 4326 pro
1181 4226 1221 4304 F
1218 4229 1271 4303 iro
1298 4224 1446 4305 Sau⁸tio
1480 4229 1542 4302 vel
1566 4227 1731 4305 Martem
1758 4230 1894 4308 Gradi·

163 4401 248 4451 oum
269 4401 338 4474 pro
363 4375 495 4453 Morte
521 4378 705 4454 Grcbooio
731 4383 968 4455 scribendum
986 4384 1123 4478 putavi.
1163 4382 1273 4465 Quod
1299 4383 1331 4454 si
1346 4382 1525 4474 iecissem,
1551 4384 1662 4456 etiam
1688 4406 1761 4457 arc
1776 4381 1893 4460 Fidis

163 4554 231 4623 pro
258 4542 377 4604 moute
401 4528 525 4623 Fiaio,
559 4543 597 4604 et
619 4531 776 4636 Jupiter
800 4532 859 4605 vel
882 4531 1035 4635 Faunos
1060 4530 1244 4608 Gradivus
1268 4558 1337 4631 pro
1362 4532 1456 4610 Jove
1479 4535 1538 4608 vol
1571 4524 1724 4629 Vorioue
1752 4533 1891 4610 Grato

163 4681 225 4754 uio
250 4684 485 4759 scribendum
510 4683 605 4755 mihi
630 4684 778 4776 luisset,
816 4688 881 4782 qui
905 4711 951 4759 ne
977 4684 1174 4783 Iguviucm
1200 4687 1351 4786 quidem
1376 4686 1501 4762 urbem
1524 4689 1564 4759 iu
1590 4684 1762 4783 Iguvium
1778 4660 1891 4782 verti,

164 4857 211 4905 ue
235 4836 396 4909 nominis
421 4861 535 4933 genus
558 4846 780 4929 mutaretur,
813 4838 874 4910 vel
903 4840 1138 4914 damnaretur
1171 4838 1329 4914 eliorum
1361 4826 1559 4929 sententia,
1598 4841 1663 4935 qui
1696 4841 1736 4910 in
1767 4843 1890 4916 verbis
1963 4920 1967 4927 ,
