4364 5754
927 559 1171 666 ¹-21-

191 768 357 840 moniti,
398 774 559 850 utsupra
591 775 714 830 cante
734 785 809 853 pro
842 769 1010 845 canite,
1044 768 1188 849 positum
1210 767 1376 830 existimo·
1419 765 1625 854 [ignoscitur
1646 771 1757 829 autem
1777 759 1936 824 horridus

190 885 249 950 illa
270 902 445 957 numerus,
467 884 555 949 Hor.
578 885 681 967 Epist.
704 884 746 964 11,
770 889 800 965 l,
824 885 884 950 157
905 904 973 967 sq„
997 884 1071 948 coll.
1094 883 1189 950 Serv.
1213 883 1255 948 ad
1276 885 1376 973 Virg.
1400 883 1442 949 G.
1468 885 1511 965 Il,
1532 887 1594 953 385
1615 906 1684 968 sp,
1721 883 1836 966 quiin
1858 878 1937 942 rudi

191 1005 392 1086 antiquitate
413 1021 482 1065 non
503 1004 610 1066 solum
630 1002 756 1084 ubique
778 1012 846 1065 tam
867 1001 1019 1083 dactylos
1046 1022 1146 1082 quam
1167 1003 1332 1088 spondeos
1353 1002 1571 1084 admittebat,
1607 1002 1665 1067 sed
1686 1003 1783 1064 brevi
1805 1017 1936 1081 quoque

190 1121 319 1202 syllaba
350 1129 492 1204 propter
518 1128 673 1183 accentus
703 1123 808 1184 ictum
830 1139 893 1203 pro
915 1121 1013 1206 longa
1033 1121 1211 1201 utebatur,
1243 1123 1331 1185 sicut
1351 1122 1388 1182 in
1407 1122 1565 1185 versibus
1586 1122 1626 1183 fit
1647 1120 1867 1194 nostratium,
1899 1118 1935 1177 in

191 1239 310 1321 quibus
332 1257 493 1302 sonorum
515 1247 693 1300 concentus
721 1257 880 1303 numeros
908 1237 1082 1302 absolvere
1113 1240 1208 1303 solet.
1251 1240 1303 1302 De
1331 1238 1481 1320 spondeo
1514 1239 1669 1324 quidem,
1701 1240 1758 1322 qui
1789 1239 1825 1298 in
1854 1235 1936 1297 Um·
1986 1260 1989 1265 ·

189 1355 285 1419 brico
317 1375 471 1418 sermone
503 1375 543 1418 eo
582 1358 791 1439 frequentior
821 1364 910 1435 erat,
958 1377 1023 1440 quo
1063 1358 1194 1440 saepius
1224 1358 1328 1421 verba
1359 1359 1395 1417 in
1416 1358 1545 1446 'longas
1585 1357 1728 1439 syllabas
1760 1352 1934 1416 contrahe-

188 1473 333 1553 bantur,
355 1473 533 1538 Diomedes
555 1495 587 1557 p.
611 1475 683 1539 473.
707 1474 758 1540 ed.
781 1473 915 1538 Putsch.
938 1477 989 1537 sic
1010 1477 1162 1559 scripsit:
1189 1475 1351 1541 »Numam
1372 1475 1579 1565 Pompilium
1601 1473 1778 1536 divinitate
1800 1467 1934 1554 praedi-

189 1601 262 1653 tum
282 1591 370 1654 hunc
389 1592 507 1675 pedam
529 1593 747 1655 Pontificium
768 1592 950 1674 appellasse
972 1603 1176 1673 memorant,
1200 1614 1276 1656 cum
1298 1593 1407 1659 Salios
1426 1595 1596 1673 juniores,
1627 1595 1741 1676 aequis
1763 1589 1934 1679 gressibus

188 1709 397 1787 circulantes,
419 1710 595 1774 induceret
615 1709 761 1794 spondeo
783 1710 870 1772 melo
892 1712 1019 1792 patrios
1042 1712 1177 1793 placare
1190 1712 1376 1797 Indigetes«
1389 1745 1431 1757 -
1445 1719 1502 1775 »ut
1524 1709 1628 1794 (quod
1649 1709 1773 1773 ibidem
1795 1701 1934 1792 legitur)
1970 1743 1972 1746 -

189 1824 317 1891 duabus
337 1830 444 1914 longis
466 1828 619 1892 melodiis
644 1831 740 1910 quasi
761 1826 948 1910 duplicibus
970 1837 1004 1889 et
1020 1828 1159 1912 jugibus
1182 1830 1270 1892 votis
1291 1846 1457 1911 prospera
1473 1828 1626 1891 Deorum
1646 1828 1802 1891 voluntas
1822 1825 1934 1887 firma·

189 1952 315 2008 return<
359 1947 468 2011 Quum
489 1955 601 2010 autem
622 1946 710 2029 apud
735 1946 901 2009 Romanos
934 1947 1046 2007 omnia
1076 1948 1148 2007 fere
1179 1946 1333 2010 versibus
1355 1945 1525 2008 Saturniis
1557 1952 1859 2030 componerentur,
1892 1938 1934 2004 dc

189 2063 309 2142 quibus
319 2064 455 2138 Ennius,
476 2065 663 2129 hexametri
683 2065 800 2126 Latini
820 2070 956 2135 auctor,
977 2065 1026 2124 sic
1048 2064 1172 2126 cecinit
1192 2064 1229 2124 in
1250 2063 1451 2127 Annalibus:
1476 2063 1668 2148 »scripsere
1690 2064 1750 2126 alii
1771 2080 1843 2125 rem

529 2180 726 2261 »Versibus,
747 2186 835 2262 quos
853 2181 934 2241 olim
954 2181 1059 2245 Fanni
1079 2190 1239 2264 vatesque
1260 2184 1435 2262 canebant,

419 2302 423 2310 '
521 2296 646 2363 »Quom
667 2320 773 2382 neque
794 2297 973 2362 Musarum
994 2300 1148 2382 scopulos
1170 2301 1342 2383 quisquam
1362 2309 1549 2383 superarat,
1628 2282 1634 2291 ’

521 2415 612 2481 »Nec
632 2416 713 2479 dicti
734 2416 904 2482 studiosus
925 2428 1040 2481 eram«
1064 2420 1104 2480 cf.
1128 2416 1231 2481 Varr.
1253 2419 1293 2480 L.
1317 2418 1358 2484 L.
1381 2417 1458 2498 VII,
1482 2419 1510 2502 §.
1531 2418 1583 2485 36.

187 2550 251 2592 cur
272 2550 338 2594 non
360 2534 397 2593 in
417 2534 569 2620 Iguvinis
592 2555 721 2619 quoque
741 2534 867 2599 tabulis
888 2552 1104 2620 agnoscamus
1126 2532 1278 2596 eosdem?

354 2649 404 2714 18.
448 2649 577 2716 Revera
600 2661 712 2717 sextae
732 2653 867 2716 tabulae
894 2653 1030 2714 initium
1058 2670 1134 2712 cum
1156 2659 1309 2714 extrema
1330 2653 1491 2734 septimae
1512 2652 1646 2714 tabulae
1668 2652 1789 2738 pagina
1810 2645 1931 2710 adSa·

188 2767 341 2829 turnium
361 2786 540 2832 numerum
561 2772 684 2833 referri
706 2777 834 2851 potest,
857 2766 936 2828 dum
958 2765 1057 2830 modo
1078 2769 1346 2841 meminerimus,
1380 2769 1546 2832 vocalium
1569 2771 1722 2834 elisiones
1754 2764 1932 2851 prohiberi

186 2901 284 2965 saepe
306 2884 497 2967 supplendis
519 2886 650 2964 literis,
685 2905 764 2967 quas
785 2885 949 2946 sermonis
962 2904 1050 2969 ¹usus
1072 2886 1196 2966 poscit,
1228 2886 1379 2951 vocalem
1400 2885 1415 2952 i
1441 2891 1653 2952 econtrario
1674 2896 1752 2951 ante
1773 2886 1852 2949 alias
1872 2901 1931 2945 vo·

191 3000 277 3063 cales
299 3002 392 3064 velut
413 3009 651 3066 consonantem
671 3002 888 3086 pronuntiari
908 3002 1027 3066 solere.

739 3120 789 3180 En
812 3120 991 3182 initium
1011 3129 1153 3184 sextae
1173 3121 1361 3188 tabulae!

600 3239 679 3302 Este
696 3236 907 3321 pareclo(me)
929 3240 1019 3301 avels
1040 3241 1204 3302 ase‘riater
1226 3246 1338 3322 enetu,

600 3355 710 3435 Parii,
732 3374 884 3432 curnase‚
907 3352 1046 3431 dersva3
1069 3358 1182 3438 peiqu,
1204 3359 1310 3441 peina,
1332 3360 1471 3423 mersen.

600 3474 681 3535 Poei
702 3471 843 3561 angla(f)
864 3473 1010 3536 aseridto
1033 3481 1121 3552 aest,
1145 3475 1202 3537 eso
1223 3486 1359 3539 tremnu
1380 3479 1473 3542 serse

600 3587 860 3669 Arsierture(m)
883 3591 1018 3656 ehveltu
1039 3590 1221 3675 stiplo(me)
1243 3597 1398 3674 aseriaia,

551 3710 581 3773 5.
603 3709 703 3772 Paria
724 3708 861 3788 dersva,
883 3710 1028 3772 curndco
1050 3708 1187 3790 dersva,
1208 3713 1304 3793 peico
1325 3712 1465 3793 mersio,

600 3821 700 3890 Pe'ica
720 3835 861 3899 morata,
882 3825 1048 3904 mes-staff)
1071 3828 1222 3906 daveid),
1244 3827 1411 3909 mersta(f)
1434 3831 1584 3918 taglam.

603 3943 711 4006 Esdna
733 3948 894 4023 arfertnr,
916 3944 971 4008 eso
994 3945 1172 4026 anstiplatu
1195 3948 1228 4008 ei
1248 3947 1370 4026 aserio,

601 4061 702 4123 Paria
722 4060 859 4139 densae,
882 4062 1027 4124 curndco
1049 4062 1185 4141 dersva,
1207 4066 1302 4147 peico
1324 4069 1463 4146 mereto,

598 4171 700 4240 Pelea
719 4187 860 4258 mersta,
882 4178 1048 4256 mersta(t‘)
1068 4180 1175 4258 niveis,
1197 4185 1338 4245 merstai
1355 4182 1475 4270 angles.

530 4296 577 4359 10.
599 4294 707 4358 Esdna
728 4274 824 4361 mebe
844 4288 1204 4378 tdte(m'1joveine(m)
1226 4301 1327 4363 esmei

601 4411 751 4477 Stahmei
771 4413 963 4478 stahmeitdi
984 4417 1085 4494 sersi,
1107 4419 1194 4499 pirsi
1213 4420 1333 4497 sesust,

601 4530 663 4593 Poi
683 4531 823 4618 angla«)
844 4532 990 4596 aseridto
1012 4542 1078 4611 est,
1101 4534 1177 4599 ersa
1197 4539 1276 4620 neip
1298 4537 1449 4624 mugitu,

602 4647 677 4731 Nep
699 4650 790 4713 aruir
811 4649 1015 4731 andersistu,
1036 4654 1136 4715 uersa
1157 4661 1330 4733 courtust,
1352 4657 1447 4738 pdrsi

601 4765 750 4853 Angldss)
772 4770 940 4832 anseriato
961 4772 1040 4847 inst.
1085 4770 1151 4837 Sne
1172 4774 1300 4837 muietd
1323 4775 1401 4848 fust,

531 4883 580 4947 15.
603 4880 667 4947 Ota
686 4887 751 4970 pisi
773 4889 862 4950 arsir
882 4886 1111 4969 andernesdst,
1133 4888 1236 4955 dislar
1255 4892 1407 4957 alinsust.
