4364 5754
1044 546 1248 612 ..10-

290 724 408 799 quarta
427 710 541 776 tabula
562 710 651 771 Fiso
673 705 791 788 datur,
820 706 994 792 Jupiter
1020 729 1123 790 vero,
1154 713 1241 787 sicut
1261 708 1372 772 Mars
1400 721 1433 772 st
1453 708 1632 783 Vofion,
1663 707 1871 771 Grabovis
1901 705 2016 771 audit:

290 855 332 897 ne
362 834 435 915 quis
467 841 578 891 autem
598 826 710 891 verbis
731 825 775 899 V,
797 826 829 903 b,
851 828 903 892 24.
925 823 1089 909 ΙΒπατεῤ,
1120 825 1225 908 Eois,
1261 847 1342 912 τεφε
1361 845 1440 893 eota
1461 825 1578 907 Facio,
1611 828 1644 889 h.
1667 847 1695 889 e.
1719 827 1870 911 Jupiter,
1900 823 2021 905 Sensi,

291 953 354 1017 tibi
374 954 439 1013 isto
460 948 588 1027 vitulo,
623 948 820 1031 quibuscum
840 965 978 1030 precum
998 946 1143 1008 formula
1163 945 1250 1031 apud
1272 943 1432 1010 Catonem
1453 947 1491 1008 R.
1515 946 1553 1010 ll.
1576 947 1634 1009 141
1656 955 1739 1007 extr.
1763 944 1875 1006 Mars
1895 944 2025 1007 Pater

291 1080 391 1133 -te
422 1068 526 1129 hoca
556 1085 683 1148 porco
714 1064 885 1149 piaculo
919 1062 1139 1149 comparanda
1171 1074 1235 1143 est,
1266 1084 1370 1126 unum
1391 1062 1544 1146 idemque
1570 1081 1691 1125 numen
1712 1062 1892 1149 significari
1914 1070 2024 1145 putet,

293 1184 494 1251 monendum
514 1194 580 1263 est,
603 1185 736 1244 inverso
759 1181 876 1244 ordine
897 1182 942 1262 V,
963 1183 994 1256 b,
1017 1187 1066 1248 17.
1088 1183 1156 1270 legi
1176 1184 1317 1247 Fornace
1337 1181 1437 1263 Σαζι,
1459 1182 1542 1246 IsFa
1561 1179 1675 1268 Πατρε
1698 1177 1926 1268 assensurum,
1947 1179 2024 1242 lue.

293 1307 428 1392 Vaputo
450 1325 475 1366 s.
497 1303 615 1364 Fausto
638 1296 757 1374 Sarisi,
788 1301 866 1364 Jovi
886 1299 979 1363 Patri
1000 1311 1075 1364 ante
1095 1311 1269 1386 precator,
1308 1310 1341 1363 et
1361 1299 1406 1378 V,
1428 1320 1456 1362 a.
1480 1301 1501 1363 4
1522 1320 1568 1381 sq.
1626 1297 1759 1378 Γεστιζε
1789 1294 1876 1377 Σαζε
1907 1294 2027 1384 nonde,

294 1427 377 1490 1er
402 1419 519 1507 Πατρε
541 1421 609 1500 daps
630 1417 783 1506 περακνε,
806 1419 837 1479 h.
862 1440 891 1480 e.
914 1421 1052 1481 victima
1072 1415 1177 1480 Sanbi
1198 1438 1302 1496 sacra,
1324 1418 1403 1482 Jovi
1424 1417 1515 1480 Patri
1537 1418 1656 1479 bovem
1677 1426 1811 1479 castum.
1856 1415 2026 1498 Quoniam

294 1544 351 1606 hic
372 1536 493 1603 San'sis
515 1547 549 1600 et
568 1537 701 1621 Jupiter
721 1555 794 1597 uno.
818 1546 946 1598 tantum
974 1538 1107 1598 nomine
1127 1546 1305 1614 vocantur,
1337 1536 1589 1624 cognominibus
1610 1533 1823 1612 Arsmoni,
1845 1533 2026 1618 Vaputo,

295 1661 421 1738 Ahto,
442 1676 508 1718 non
530 1653 662 1717 diversa
683 1657 820 1715 numina
840 1653 982 1716 indicari
1003 1664 1095 1737 puto,
1111 1651 1173 1717 sed
1195 1652 1319 1731 eadem,
1342 1658 1481 1736 quaein
1503 1663 1618 1738 quarta
1639 1652 1752 1716 tabula
1772 1653 1941 1739 leguntur,
1966 1652 2028 1714 nbi

298 1789 408 1843 tamen
430 1773 569 1838 diversis
591 1772 842 1860 cognominibus
864 1772 989 1836 diversi
1010 1770 1059 1833 dii
1079 1771 1322 1834 discernuntur.
1348 1770 1444 1853 Quod
1465 1770 1507 1834 ad
1528 1771 1765 1856 Apollinem
1786 1781 1819 1833 et
1840 1767 2030 1833 Clatram

298 1899 427 1967 attinet,
450 1912 594 1977 quornm
616 1911 691 1951 cum
712 1891 828 1977 liguris
846 1891 991 1953 Lanzius
1008 1889 1131 1979 Saggio
1152 1888 1185 1952 di
1203 1891 1285 1979 ling.
1304 1891 1432 1953 Etrusc.
1446 1891 1535 1975 lI,.p.
1549 1893 1619 1955 541.
1643 1891 1816 1968 conjunxit
1835 1890 2031 1974 Lerpirii

298 2013 513 2096 Santirpii
534 2010 796 2091 inscriptionem,
817 2006 906 2069 haud
926 2008 1027 2070 dubie
1049 2008 1252 2088 Umbricam,
1282 2011 1344 2071 etsi
1364 2010 1551 2093 Lerpirins,
1573 2010 1652 2091 quia
1672 2008 1765 2070 nulla
1786 2027 1852 2069 vox
1869 2006 2031 2070 Umbrica

301 2134 342 2195 ab
368 2131 467 2193 litera
494 2137 508 2189 t
535 2127 672 2211 incipit,
706 2145 791 2186 unns
817 2144 836 2185 e
857 2123 985 2187 Sanctis
1006 2126 1138 2209 Hirpiis
1167 2137 1232 2204 est,
1265 2147 1408 2208 quorum
1429 2128 1553 2188 Plinius
1575 2126 1620 2191 H.
1642 2123 1686 2186 N.
1709 2125 1789 2203 VII,
1811 2129 1841 2189 2.
1864 2128 2028 2204 meminit,

302 2250 462 2338 Iguvinae
484 2244 615 2309 tabulae
636 2241 677 2304 de
698 2243 768 2304 illis
790 2244 906 2305 silent:
928 2264 1004 2305 nam
1023 2243 1136 2307 verbis
1157 2242 1314 2332 κλετρα
1335 2264 1360 2304 s.
1383 2242 1565 2328 κλετραμ
1586 2244 1678 2322 1,2t.
1702 2243 1809 2323 11,13.
1833 2253 1867 2306 ct
1887 2240 2032 2332 κλετρε

302 2368 348 2448 II,
372 2372 421 2432 14.
445 2385 498 2427 res
519 2361 677 2447 quaedam
699 2358 741 2440 ad
760 2361 960 2422 sacrificium
971 2360 1136 2424 Pomonae
1156 2364 1358 2425 necessariae
1380 2360 1604 2449 designantur,
1627 2365 1765 2424 fortasse
1787 2354 1937 2447 κλήματα
1959 2363 2031 2425 sive

279 2485 448 2562 surculi,
471 2482 584 2544 felicia
605 2500 702 2564 poma
722 2482 884 2558 ferentes,
911 2500 993 2561 qnos
1013 2480 1158 2543 Pomona
1179 2478 1274 2543 Ovid.
1297 2480 1347 2543 Μ.
1370 2478 1466 2560 XIV,
1488 2485 1560 2547 627.
1583 2501 1658 2543 cum
1679 2481 1866 2544 Vertumno
1889 2481 2032 2569 conjuge

303 2603 455 2687 Propert.
477 2599 539 2678 1v,
562 2601 593 2675 2,
617 2601 666 2663 17.
690 2596 830 2661 amabat.

340 2726 342 2730 ’
470 2720 520 2782 16.
563 2717 808 2803 Argumentum
829 2723 1020 2797 quartae,
1042 2725 1082 2778 ut
1101 2724 1242 2777 sextae
1263 2717 1568 2799 septimaeque,
1601 2717 1733 2778 tabulae
1757 2713 2034 2801 verbopnrdi-

304 2839 407 2913 to(rn)
429 2839 518 2898 fust
536 2834 599 2913 Vl,
620 2856 651 2912 a,
673 2838 723 2901 42-
748 2845 782 2897 et
801 2833 881 2913 Vll,
904 2854 934 2912 a,
957 2835 1008 2899 45.
1031 2836 1100 2896 sive
1122 2830 1311 2917 πυρτιτε
1333 2854 1445 2920 qaut
1465 2834 1526 2914 IV,
1549 2854 1579 2912 a,
1600 2837 1665 2914 39,
1688 2832 1776 2917 qnod
1798 2837 1834 2895 in
1853 2836 1917 2897 line
1938 2853 2033 2920 snpe—
2056 2890 2060 2901 .

306 2958 407 3018 rioris
438 2950 621 3037 particulae
654 2953 890 3033 interpretatus
921 2971 1011 3028 sum,
1034 2953 1069 3010 in
1089 2961 1156 3011 tres
1177 2953 1319 3031 majores
1340 2955 1528 3015 minoresve
1554 2962 1663 3038 partes
1686 2950 1809 3032 dividi,
1840 2951 2037 3016 adverbium

307 3073 467 3160 postcrtio
489 3068 570 3147 Vll,
593 3088 623 3146 a,
644 3071 695 3135 46.
728 3071 798 3131 sive
820 3065 1054 3156 πθστερτιε
1074 3068 1137 3147 IV,
1159 3088 1189 3147 a,
1211 3072 1261 3132 40.
1294 3078 1446 3131 testatur.
1490 3071 1529 3132 In
1551 3073 1704 3134 omnibns
1724 3073 1777 3133 his
1798 3073 1966 3156 partibus,
1998 3081 2038 3133 nt

308 3194 344 3254 in
365 3190 503 3272 reliquis
525 3187 646 3250 tabulis
667 3196 801 3271 praeter
821 3189 972 3264 tertiam,
995 3185 1035 3249 de
1056 3189 1157 3248 sacris
1178 3184 1341 3247 faciundis
1362 3191 1528 3272 praecipi,
1557 3209 1596 3250 ex
1618 3193 1746 3274 saepius
1767 3192 1917 3275 repetitis
1938 3199 2038 3274 atque

309 3312 345 3371 in
373 3312 445 3392 ipso
473 3308 537 3368 fine
563 3315 699 3388 quartae
726 3304 857 3366 tabulae
885 3314 959 3367 ante
982 3303 1172 3385 Quaestoris
1194 3305 1333 3367 Romani
1354 3306 1624 3370 ratihabitionem
1645 3311 1762 3393 positis
1782 3308 1918 3370 vocibus
1941 3305 2039 3396 αρε-

310 3423 416 3514 nesti)
439 3422 524 3512 adl?
526 3445 584 3502 ες,
606 3442 685 3504 quas
707 3424 742 3483 in
761 3425 936 3506 superiore
958 3423 1121 3504 particula
1142 3420 1169 3503 §.
1183 3426 1233 3486 21.
1257 3424 1423 3507 explicare
1445 3435 1580 3488 conatus
1601 3446 1685 3506 sum,
1707 3427 1928 3514 cognoscitur.
1972 3425 2048 3509 His,

310 3547 418 3633 igitur
437 3542 575 3606 vocibus
597 3543 632 3600 in
653 3549 770 3621 quarta
791 3539 903 3601 tabula
924 3535 1101 3600 duodecies
1122 3542 1271 3622 repetitis
1293 3539 1468 3604 duodecim
1489 3543 1679 3606 indicantur
1699 3545 1872 3623 sacrificia,
1895 3563 2040 3628 qnorum

310 3684 389 3727 sena
415 3664 450 3723 in
476 3659 615 3747 singulis
644 3659 773 3744 paginis
800 3657 1060 3741 praecipiuntur.
1111 3654 1177 3718 Sex
1197 3660 1311 3740 priora
1331 3662 1511 3740 sacrificia,
1544 3682 1646 3744 quum
1667 3665 1769 3748 dam,
1792 3683 1881 3748 σιφ,
1908 3663 2040 3725 lunt·

313 3800 418 3866 ναφ,
439 3780 471 3842 h.
495 3801 522 3841 e.
547 3778 671 3856 bubus,
694 3776 827 3853 suibus,
850 3776 1010 3863 agnabus,
1039 3776 1134 3853 fiant,
1163 3773 1206 3837 ad
1226 3779 1464 3840 suovetaurilia
1484 3790 1631 3864 spectare
1652 3791 1766 3864 putcs3
1799 3791 1833 3843 at
1853 3801 1909 3843 sex
1930 3789 2042 3863 poste-

314 3899 406 3960 riora
426 3898 589 3959 sacrificia
610 3897 694 3959 fiunt
714 3892 893 3979 Fsslau,
927 3890 1091 3981 απρεφ,
1125 3890 1333 3980 cadamo),
1365 3895 1543 3984 Γιτλαφ,
1576 3897 1779 3982 ιΓεκα(φ),
1800 3898 1833 3958 b.
1858 3918 1886 3959 e.
1909 3898 2040 3979 vitulis,

193 4084 199 4095 ¹
315 4017 423 4099 apris,
445 4014 626 4097 porcabus,
648 4014 834 4091 vitulabns,
866 4012 1083 4090 juvencabus‚
1117 4021 1215 4094 atque
1237 4015 1353 4095 primis
1374 4014 1506 4078 tabulae
1526 4015 1637 4077 verbis
1658 4035 1751 4079 sors
1773 4013 1990 4104 περσκλεμ
2010 4039 2041 4080 s.

316 4141 401 4195 este
432 4132 594 4214 persclo
627 4142 719 4193 certa
746 4131 907 4214 quaedam
931 4132 1085 4194 lustratio
1112 4131 1209 4192 innui
1234 4128 1386 4210 videtur,
1420 4137 1516 4216 quia,
1548 4136 1577 4195 si
1598 4143 1685 4214 este
1706 4153 1828 4197 esono
1849 4133 1911 4213 VI,
1933 4135 1966 4215 b,
1987 4136 2041 4203 56.

316 4269 393 4311 cnm
413 4267 505 4313 aoso
528 4267 647 4310 sueva
669 4248 713 4325 V,
735 4269 766 4327 a,
787 4251 816 4312 2.
837 4259 1070 4340 comparatur,
1094 4268 1186 4312 essa
1207 4246 1306 4339 idem
1318 4252 1495 4336 significat,
1529 4249 1618 4334 quod
1639 4272 1734 4316 eota
1756 4254 1800 4331 V,
1822 4253 1855 4331 b,
1878 4255 1927 4319 24.
1952 4253 1986 4314 h.
2009 4272 2041 4316 e.

317 4368 411 4429 isto.
455 4338 566 4445 Quum
588 4372 697 4424 autem
729 4365 764 4424 in
796 4376 912 4448 quarta
944 4366 1058 4428 tabula
1087 4367 1199 4429 verbis
1221 4386 1295 4431 eote
1316 4366 1489 4455 περσκλθμ
1510 4370 1597 4444 ausc
1621 4367 1809 4456 ανξεριατες
1829 4391 1933 4450 eveza,
1954 4371 1986 4432 h.
2011 4391 2042 4435 e.

317 4494 357 4546 ut
377 4485 414 4544 in
433 4482 606 4565 superiore
627 4481 790 4564 particula
812 4483 839 4564 §.
863 4486 903 4547 20
924 4504 970 4566 sq.
993 4485 1124 4562 monui,
1147 4486 1183 4544 in
1205 4487 1286 4546 ista
1306 4485 1567 4550 lustratione
1588 4508 1682 4550 aves
1710 4490 1955 4577 angariales
1977 4490 2046 4551 in-

318 4601 484 4690 dagato,
505 4588 592 4660 nihil
613 4595 772 4679 addatur,
803 4602 866 4661 nisi
887 4598 1066 4680 adjectiva,
1089 4598 1130 4662 ad
1152 4603 1236 4678 αΡες
1257 4599 1446 4689 ανξεριατες
1465 4609 1662 4689 spectantia,
1692 4605 1907 4695 περναιες,
1933 4627 2046 4672 steo-

317 4740 429 4795 saa93
451 4721 486 4779 in
508 4727 600 4779 sexta
621 4717 744 4796 tabula,
766 4720 854 4799 quia,
876 4728 958 4781 teste
980 4718 1139 4785 Cicerone
1160 4720 1201 4784 de
1222 4720 1326 4785 divin.
1350 4721 1377 4801 1,
1398 4726 1450 4802 41,
1473 4734 1557 4786 extr.
1581 4736 1615 4786 et
1635 4728 1699 4805 tn,
1721 4725 1840 4789 Umbri
1861 4728 2047 4811 plurimum

321 4835 588 4922 obtemperabant
618 4838 732 4900 avium
762 4837 1077 4923 significationibus,
1107 4839 1216 4902 tribus
1243 4841 1443 4904 sectionibus
1471 4846 1657 4905 accuratius
1678 4847 1875 4928 exponitur,
1908 4845 1988 4930 quid
2008 4848 2046 4911 in
