4364 5754
733 749 929 810 Extrema
948 748 1151 831 septimae
1172 748 1342 812 tabulae
1364 748 1528 836 pagine.

689 868 761 930 Pisi
782 867 926 949 panupei
947 865 1091 930 fratreas
1110 866 1239 930 iritrus
1259 866 1427 930 Atiersier
1447 869 1527 945 sust,

693 986 778 1047 Erec
799 988 896 1048 suaso
917 985 1095 1049 fratracdte
1116 986 1250 1069 pdrtaia
1271 985 1409 1049 seraone

690 1103 845 1165 Fratrem
865 1095 1021 1167 ‘Atiarsio
1043 1103 1215 1169 doeendus.
1257 1105 1318 1167 Plli
1338 1122 1439 1185 repar
1462 1098 1629 1182 [fratreca]
1652 1105 1731 1190 pars
1753 1114 1814 1183 est,

691 1220 793 1284 Erom
815 1221 928 1284 ehiato
949 1223 1059 1306 pdnnc
1080 1225 1222 1310 ivengar
1241 1220 1420 1284 tursiandu
1441 1221 1561 1285 hertei.

638 1340 669 1404 5.
691 1337 799 1423 Appei
821 1340 971 1403 driertur
990 1341 1139 1405 Atie'rsir
1159 1342 1295 1425 poplom
1316 1338 1457 1402 endensi
1477 1342 1556 1417 fust,
1578 1343 1582 1350 ’

693 1455 760 1520 Sve
781 1461 861 1542 netp
883 1467 1018 1540 portast
1038 1461 1139 1539 issoc,
1159 1460 1254 1543 prisci
1274 1460 1375 1522 eubra
1396 1457 1531 1521 scra'hto
1554 1465 1614 1534 est,

693 1575 845 1640 Fratre'ci
865 1586 976 1639 motar
995 1580 1074 1641 sins.
1095 1576 1135 1639 A.
1158 1575 1251 1642 CCC.
1274 1577 1307 1639 b.
1330 1597 1356 1640 e.
1378 1570 1446 1641 ἔτει
1466 1574 1720 1664 τριακοσιοστῷ.

444 1694 495 1758 19.
523 1693 648 1756 Incisio
664 1713 836 1774 versuum,
858 1715 941 1778 quae
959 1697 1061 1759 semel
1077 1718 1110 1759 v.
1133 1697 1182 1761 15.
1195 1698 1233 1758 in
1252 1697 1394 1760 verbum
1411 1686 1632 1778 compositum
1654 1690 1788 1771 incidit,
1817 1690 1942 1778 duplex
1959 1706 2022 1769 eet,

280 1828 315 1883 at
335 1824 411 1902 post
430 1813 566 1877 tertiam
587 1815 678 1876 arsin
699 1822 734 1875 at
754 1821 831 1896 post
851 1823 1043 1895 sequentem
1063 1814 1182 1877 thesin.
1226 1812 1389 1896 Spondeie
1411 1834 1487 1876 cnm
1508 1815 1545 1875 in
1565 1814 1691 1895 prima,
1718 1812 1850 1873 tamin
1871 1813 2022 1877 secunda

278 1937 407 2021 syllaba
428 1935 512 1995 arsis
534 1932 707 1993 convenit:
735 1931 814 1992 binc
836 1935 924 1994 aste
944 1932 1112 2015 perscld
1134 1951 1197 2016 pro
1220 1935 1308 1997 este
1328 1933 1493 2017 pareclo
1515 1932 1631 1993 metiri
1651 1937 1808 2014 poterant
1828 1928 1957 2011 Umbri,
1979 1940 2024 1995 ut

278 2049 563 2134 v.5et8.parid
585 2046 734 2112 dareve
761 2068 824 2133 pro
841 2049 967 2132 paria
988 2049 1149 2116 dorsve.
1182 2051 1424 2116 Verumtamen
1442 2053 1478 2112 in
1494 2051 1606 2115 verbis
1626 2059 1717 2112 esta
1741 2048 1903 2131 persclo
1924 2067 2022 2112 acce·

279 2174 330 2236 dit
340 2170 385 2244 id,
408 2168 496 2253 quod
507 2170 543 2229 in
555 2186 632 2230 caen
642 2168 741 2229 locali
752 2189 776 2230 s.
790 2167 971 2250 temporali
988 2187 1052 2251 pro
1075 2170 1234 2232 eetdme
1254 2170 1422 2253 perscld
1436 2188 1495 2231 me
1517 2169 1740 2251 scriptarum,
1763 2176 1844 2232 ntv.
1860 2169 1908 2232 10.
1927 2177 2020 2230 tote

279 2291 473 2373 Ijoveine
502 2304 565 2366 pro
597 2287 759 2348 totdme
789 2284 1069 2365 Ijoveinema‚
1110 2286 1199 2351 unda
1227 2287 1339 2349 hiatus
1360 2308 1491 2369 quoqne
1511 2289 1547 2346 in
1568 2284 1620 2348 his
1640 2285 1781 2348 vocibus
1803 2294 2017 2349 excusantur.

278 2409 356 2472 Alia
376 2408 488 2469 hiatus
510 2424 608 2466 causa
629 2404 712 2465 latet
733 2405 770 2464 in
791 2404 940 2466 ablativo
959 2405 1091 2495 angla,
1114 2404 1151 2467 id
1168 2403 1257 2488 quod
1276 2406 1312 2465 in
1331 2404 1535 2487 adjectivum
1555 2405 1716 2466 mersta
1737 2426 1769 2468 v.
1783 2405 1813 2467 o.
1827 2423 2020 2487 quoqueca-

278 2527 346 2589 dit:
369 2546 387 2588 e
410 2541 512 2587 vorsu
534 2522 564 2585 9.
587 2523 677 2583 enim
697 2519 874 2602 discimus,
908 2524 1087 2585 merstai
1114 2525 1269 2610 angles
1292 2521 1360 2584 dici
1382 2520 1547 2586 debuisse.
1592 2519 1750 2584 Ceterum
1777 2531 1918 2606 propter
1945 2542 2021 2585 mu·

277 2653 383 2708 tetam
404 2639 629 2725 spondaorum
650 2641 743 2702 arsin
764 2659 797 2704 v.
820 2644 869 2705 14.
904 2641 1186 2716 auseriato(m)
1223 2643 1310 2702 fust
1340 2660 1403 2723 pro
1435 2638 1693 2718 aseriato(m)
1716 2649 1832 2705 estv.
1853 2642 1886 2705 3.
1910 2648 1945 2703 et
1966 2640 2019 2704 12.

277 2759 490 2829 scribendum
511 2759 587 2822 fnit.
630 2758 771 2820 Praeter
793 2761 918 2822 formas
941 2758 1105 2841 ejusmodi
1126 2759 1385 2841 periphrasticas
1406 2758 1518 2821 nullae
1544 2760 1694 2840 passivae
1714 2760 1838 2841 speciei
1858 2759 2022 2821 flexiones
2087 2816 2093 2821 .

278 2884 315 2944 in
335 2879 487 2966 Iguvinis
509 2875 630 2938 tabulis
651 2875 824 2960 leguntur,
845 2876 934 2939 unde
955 2881 1155 2939 arfertur
1174 2897 1208 2939 v.
1231 2878 1262 2941 7.
1284 2884 1318 2940 et
1340 2878 1452 2938 omnia
1473 2877 1629 2938 similiter
1650 2876 1834 2939 desinentia
1854 2876 2020 2938 vocabula

277 2998 480 3060 Latinorum
501 2992 715 3054 substantivis
736 2994 771 3052 in
794 3012 869 3053 nra
888 2993 1111 3074 respondent:
1145 2992 1180 3054 id
1208 2991 1297 3075 quod
1319 2994 1429 3054 forma
1450 2996 1693 3056 arefertnra
1714 3014 1746 3058 v.
1768 2998 1799 3059 4.
1831 3011 1894 3078 pro
1927 3013 2020 3056 ars-

279 3120 483 3179 fertnrem
506 3108 690 3173 confirmat.
740 3109 780 3170 Iu
800 3130 833 3174 v.
855 3112 884 3172 6.
908 3109 1032 3194 duplex
1064 3120 1117 3173 est
1145 3111 1286 3172 licentia
1318 3113 1464 3191 politica:
1497 3113 1645 3195 primum
1675 3109 1835 3175 diaeresis
1866 3114 1902 3173 in
1934 3130 2019 3176 voca

278 3226 417 3318 palca,
450 3246 533 3312 quae
556 3236 589 3290 et
610 3230 646 3289 in
668 3231 764 3310 neip
784 3248 817 3292 v.
839 3228 962 3311 penult.
986 3237 1021 3292 ct
1041 3229 1093 3293 bis
1115 3229 1316 3292 observatur
1336 3248 1369 3292 v.
1392 3230 1459 3303 11.;
1493 3226 1614 3291 deinde
1634 3229 1750 3292 brevis
1778 3228 1929 3310 syllabae
1956 3247 2020 3312 per

278 3354 384 3413 ictum
414 3345 595 3430 productio
616 3346 652 3407 in
672 3363 756 3407 voce
786 3350 910 3412 avvei
930 3367 994 3429 pro
1015 3350 1134 3412 avait
1151 3347 1284 3425 (avibus
1310 3367 1343 3410 v.
1366 3343 1426 3424 9.),
1459 3344 1545 3409 unde
1576 3366 1758 3409 consonans
1779 3366 1799 3408 o
1819 3347 1869 3409 bis
1892 3349 2022 3431 scripta

279 3489 350 3533 esse
370 3464 518 3530 videtur.
560 3463 615 3526 Ne
645 3482 763 3524 versus
785 3463 816 3530 7.
839 3475 1017 3544 anapaesto
1040 3464 1228 3544 claudatur,
1249 3465 1374 3528 vocalis
1395 3466 1425 3543 τ’,
1458 3463 1547 3548 qtrod
1568 3484 1669 3548 supra
1690 3466 1822 3543 monui,
1860 3474 1938 3529 ante
1958 3485 2020 3528 vo·

279 3567 383 3650 calam
403 3585 505 3646 aliam
524 3581 619 3645 velut
640 3600 821 3643 consonans
842 3581 1093 3663 pronuntianda
1115 3591 1184 3658 est;
1217 3602 1284 3644 nan
1305 3602 1421 3645 versus
1444 3586 1494 3648 13.
1517 3602 1584 3643 uua
1606 3582 1736 3663 syllaba
1756 3580 1920 3658 abundet,
1943 3601 2020 3647 var·

279 3707 356 3769 bum
390 3707 589 3766 courtnst
623 3718 641 3761 a
674 3707 882 3762 covortus
904 3702 941 3760 in
972 3699 1054 3764 duas
1085 3701 1227 3782 syllabas
1260 3708 1489 3779 contractum,
1521 3720 1555 3765 v.
1579 3701 1628 3765 14.
1662 3708 1781 3763 contra
1803 3699 2021 3777 mu'ieto(m)

280 3827 369 3886 inst
401 3828 547 3905 quatuor
576 3818 715 3900 syllabis
736 3835 799 3900 pro
821 3826 1028 3904 mugatom
1058 3822 1144 3881 fust
1164 3819 1329 3901 scriptum
1351 3824 1410 3879 est.
1455 3817 1584 3882 Versus
1608 3820 1668 3896 15.
1690 3820 1778 3881 sicut
1799 3842 1831 3883 v.
1854 3820 1884 3881 2.
1906 3819 1942 3879 in
1963 3838 2020 3880 ex·

278 3947 386 4001 trema
404 3938 563 4019 septimae
582 3936 715 3998 tabulae
733 3936 866 4021 pagina,
888 3938 1066 4000 anacrusin
1087 3935 1230 3999 duarum
1250 3936 1450 4017 syllabarum
1472 3936 1591 4011 habet3
1612 3936 1809 3998 vocabulum
1831 3937 2021 3998 iratraca

278 4075 361 4118 vero
383 4055 419 4114 in
440 4075 471 4119 v.
494 4057 524 4118 3.
547 4051 723 4116 redundat.

443 4171 494 4234 20.
537 4170 709 4234 Hactenus
731 4170 830 4235 haec:
863 4188 1041 4260 pergamus
1068 4191 1158 4234 nnnc
1184 4170 1226 4234 ad
1247 4172 1352 4235 verba
1371 4191 1617 4254 synonyma,
1651 4189 1793 4253 quorum
1814 4172 2020 4253 comparatio

279 4291 421 4353 multum
452 4290 583 4351 confert
615 4287 656 4349 ad
688 4287 876 4353 enodandas
908 4289 1152 4353 vocabulorum
1183 4293 1308 4353 formas
1342 4298 1375 4354 et
1409 4266 1679 4376 significationes.
1727 4286 1822 4350 Inter
1842 4290 1923 4351 haec
1943 4300 2021 4352 ante

279 4411 391 4472 omnia
412 4404 557 4469 notanda
579 4412 675 4484 snut,
709 4425 793 4486 quae
815 4409 850 4468 in
871 4409 971 4471 initio
1003 4415 1142 4490 quartae
1162 4407 1295 4470 tabulae
1316 4408 1486 4494 leguntur.
1541 4406 1690 4467 Primum
1710 4425 1847 4470 versum
1867 4408 1904 4466 in
1925 4416 2022 4469 sexta

278 4528 393 4590 tabula
414 4523 531 4588 eodem
553 4542 693 4604 prorsus
716 4521 815 4585 modo
837 4543 908 4587 esso
929 4523 1117 4605 redditum,
1153 4546 1193 4587 ax
1214 4526 1276 4604 iis,
1302 4530 1471 4608 quaejam
1493 4543 1594 4606 supra
1615 4522 1655 4585 da
1676 4526 1810 4587 usitatis
1830 4523 1918 4606 apud
1939 4523 2020 4587 Um·

278 4645 358 4708 bros
390 4644 566 4707 literarum
599 4642 842 4723 abjectionibus
874 4649 908 4702 ct
939 4643 1244 4726 permutationibus
1274 4645 1406 4721 monui,
1438 4643 1538 4705 iacila
1568 4641 1792 4729 intelligitur3
1825 4640 1882 4704 sed
1905 4639 2020 4705 eadem

277 4763 380 4824 verba
411 4763 447 4823 in
470 4763 541 4844 ipsa
563 4765 685 4843 quarta
704 4757 818 4822 tabula
844 4757 940 4821 raldo
968 4762 1144 4824 imutata
1175 4768 1385 4843 repetuntur.
1427 4759 1588 4845 Legimus
1611 4761 1698 4822 euim
1720 4758 1781 4837 IV,
1811 4778 1841 4837 a,
1867 4759 1897 4823 8.
1928 4758 2019 4843 αΡιφ

280 4877 437 4968 αξεριατε
457 4888 491 4943 et
510 4879 624 4964 paullo
638 4887 714 4964 post
732 4878 827 4967 oFsp
849 4874 1026 4964 ανξεριατο
1045 4900 1112 4955 ere,
1131 4875 1316 4968 περναιαφ,
1337 4884 1544 4965 namucno,
1564 4879 1623 4942 nbi
1640 4885 1732 4941 nexta
1746 4876 1857 4940 tabule
1872 4863 2019 4959 primurn
