4364 5754
1053 551 1256 616 ..10-

186 724 189 729 “
294 716 676 797 vasirslomeV1,b‚
698 713 1055 804 12.,μαντ(1α1κλε
1077 713 1124 796 V,
1145 737 1174 789 a,
1197 716 1247 781 19.
1271 726 1307 783 et
1327 713 1606 806 oapebolnie
1629 720 1673 801 Π,
1696 720 1758 802 19.,
1779 722 1966 805 paveri&
1989 734 2030 791 et

295 836 508 904 sufetula
532 836 595 917 ΙΙΙ,
616 857 646 916 a,
669 834 717 901 17.
740 835 791 901 23.
823 853 898 897 cum
924 829 1190 923 φερεΙτρεΙΙ,
1212 833 1261 899 18.
1284 844 1318 900 et
1337 832 1580 926 περσεντρθ
1601 839 1627 918 1,
1656 844 1706 906 17.
1730 841 1779 905 19.
1801 839 2027 930 κρεματρε

293 953 337 1033 V,
358 976 386 1030 a,
406 955 458 1021 28.
480 967 514 1019 et
534 950 733 1040 aderanda
756 951 803 1032 V,
824 952 856 1028 b,
877 952 929 1016 27.
949 953 1002 1017 29.
1023 953 1283 1033 comparaveris,
1315 956 1586 1019 terminationem
1606 955 1713 1039 κλεμ
1733 978 1760 1022 e.
1793 956 1898 1041 ζλεμ
1917 963 2026 1025 etiam

291 1083 369 1156 post
389 1075 418 1151 1,
439 1081 479 1136 ut
498 1092 603 1160 τρεμ
624 1075 726 1134 etiam
746 1078 822 1154 post
842 1091 876 1147 r,
897 1070 1058 1134 invenies.

452 1192 502 1255 16.
544 1189 753 1252 Accentus
774 1188 1015 1250 vocabulorum
1035 1185 1137 1250 iidem
1158 1186 1247 1270 apud
1260 1185 1402 1251 Umbros
1423 1190 1526 1252 luisse
1547 1188 1714 1269 videntur,
1737 1194 1857 1273 quibus
1880 1204 1915 1258 et
1934 1196 2027 1261 Aeo-

252 1378 257 1387 ,
288 1310 353 1372 lica
373 1307 581 1372 Graecorum
611 1304 769 1368 dialectus
802 1314 836 1368 et
855 1306 976 1366 Latina
1007 1304 1122 1390 lingua
1152 1325 1232 1367 usae
1252 1315 1345 1368 sunt:
1379 1306 1470 1367 inter
1490 1307 1551 1369 has
1573 1310 1664 1370 enim
1685 1313 1779 1391 quasi
1800 1312 2025 1379 intermedius

288 1437 340 1491 eat
358 1428 561 1491 Umbrorum
581 1444 702 1490 sermo.
745 1424 984 1485 Verumtamen
1006 1424 1095 1485 nihil
1117 1422 1157 1485 de
1178 1423 1240 1484 hac
1261 1442 1299 1485 re
1321 1431 1432 1505 potest
1452 1424 1636 1505 affirmari,
1658 1427 1726 1488 nisi
1749 1429 1779 1491 si
1799 1428 1963 1511 quaedam
1984 1434 2025 1494 in

284 1546 438 1633 Iguvinis
460 1544 580 1606 tabulis
602 1542 806 1624 rhythmis
827 1543 953 1623 scripta
980 1548 1146 1622 putemus,
1168 1560 1312 1623 quorum
1333 1561 1488 1604 numeros
1511 1552 1665 1606 accentus
1694 1545 1848 1632 vulgaris
1874 1550 2025 1613 maxime

287 1662 453 1727 definiret.
497 1661 622 1725 Versus
644 1661 848 1724 Umbrorum
868 1659 957 1720 nulli
977 1660 1038 1720 alii
1060 1677 1130 1723 esse
1151 1667 1354 1741 potueruut,
1381 1661 1448 1721 nisi
1470 1659 1636 1733 saturnii,
1659 1661 1824 1727 Italorum
1844 1668 1917 1728 iere
1937 1686 2025 1749 pro·

288 1784 371 1865 prii,
393 1781 511 1863 quibus
532 1779 697 1841 Romanos
718 1798 847 1861 quoque
868 1778 1106 1859 antiquissimis
1125 1783 1196 1860 jam
1217 1776 1425 1860 temporibus
1445 1796 1523 1840 usos
1545 1779 1659 1858 inisse,
1681 1780 1839 1865 longiora
1859 1782 2023 1864 quaedam

287 1899 466 1963 Saliaris
488 1899 687 1961 carminis
709 1899 896 1983 fragmenta
917 1896 1049 1960 docent.
1092 1897 1183 1961 Quae
1206 1915 1311 1977 quum
1331 1896 1483 1977 priscum
1504 1894 1732 1966 Romanorum
1761 1919 1857 1962 usum
1878 1902 1916 1963 in
1936 1921 2024 1984 pan.

287 2015 403 2106 pendis
433 2017 585 2080 versibus
606 2015 767 2079 Umbrico
798 2014 1006 2077 simillimum
1037 2013 1227 2091 ostendant,
1260 2012 1433 2077 emendata
1459 2034 1499 2077 ea
1526 2018 1563 2077 in
1583 2016 1731 2080 medium
1758 2018 1815 2080 hic
1834 2020 2022 2100 proferam,

286 2144 327 2197 ut
345 2153 500 2196 numeros
522 2136 626 2221 magis
656 2134 896 2198 vocabulorum
926 2139 1065 2195 accentu
1096 2152 1194 2215 quam
1214 2132 1419 2212 syllabarum
1441 2136 1628 2215 quantitate
1649 2144 1684 2198 et
1704 2134 1891 2219 prosodieis
1912 2137 2022 2202 Grae·

287 2271 403 2316 corum
432 2253 560 2339 regulis
593 2250 728 2314 deliniri
759 2251 879 2313 solitos
911 2269 981 2312 esse
1012 2257 1180 2333 appareat.
1232 2249 1465 2312 Planissimum
1485 2262 1537 2314 est
1557 2255 1781 2338 fragmentum
1802 2252 1891 2338 apud
1912 2254 2018 2318 Varr.

286 2370 326 2434 L.
347 2369 491 2449 LVII,
513 2368 541 2451 §.
564 2371 614 2434 97.
637 2368 688 2432 ed
711 2368 847 2432 Miiller.
871 2368 994 2430 collato
1016 2366 1168 2430 Macrob.
1190 2365 1224 2429 S.
1248 2365 1275 2444 l,
1297 2366 1327 2431 9.
1349 2369 1396 2429 sic
1418 2368 1645 2432 emendatum:

390 2488 559 2552 »Divom
581 2489 747 2570 impete
769 2486 816 2566 (h.
835 2505 864 2548 e.
887 2488 1017 2570 impetu
1037 2483 1169 2564 divino)
1203 2493 1347 2564 cante,
1377 2485 1529 2549 Divom
1550 2487 1631 2551 Dio
1652 2490 1934 2572 supplicate«

282 2604 529 2667 Difficillimum
558 2615 667 2669 exstat
695 2603 784 2688 apud
804 2604 909 2668 Varr.
930 2605 971 2665 L.
994 2605 1034 2666 L.
1057 2603 1135 2683 Vll,
1158 2601 1186 2684 §.
1208 2604 1270 2677 26,
1303 2602 1393 2686 quod
1414 2604 1562 2692 Scaliger
1587 2609 1624 2667 in
1651 2604 1958 2687 Conjectaneis
1980 2629 2015 2692 p.

283 2722 355 2788 189.
378 2743 418 2785 ex
439 2731 537 2807 parte
556 2732 687 2786 tantum
709 2723 856 2786 feliciter
877 2724 1039 2788 restituit.
1080 2720 1244 2805 Equidem
1264 2724 1377 2784 varias
1399 2723 1559 2785 lectiones
1580 2732 1614 2785 et
1635 2724 1771 2788 Velium
1787 2726 1944 2811 Longum
1966 2746 2019 2790 se-

284 2848 395 2917 cutus,
417 2843 476 2922 qui
496 2862 528 2924 p.
549 2843 641 2904 9217.
664 2839 704 2902 de
724 2859 743 2901 z
764 2842 861 2902 litera
882 2843 1035 2922 scripsit=
1060 2839 1167 2905 »Mihi
1188 2839 1325 2904 videtur
1345 2860 1407 2904 nec
1427 2842 1533 2904 aliena
1553 2843 1700 2904 sermoni
1721 2844 1844 2920 fnisse,
1865 2862 1940 2905 cum
1961 2845 2019 2905 in-

283 2959 440 3020 veniatur
469 2961 506 3020 in
538 2961 686 3021 carmine
707 2956 863 3035 Saliari‚‹<
897 2957 1008 3019 locum
1028 2955 1197 3019 Varronis
1227 2959 1274 3018 sic
1303 2958 1563 3024 emendaverim:
1599 2961 1656 3024 oln
1677 2961 1792 3023 multis
1812 2961 1944 3039 verbis,
1976 2964 2016 3023 in

285 3094 350 3157 quo
372 3078 502 3161 antiqui
523 3075 676 3140 dicebant
695 3097 728 3156 e,
750 3083 865 3158 postea
885 3074 1013 3137 dictum
1035 3095 1070 3153 r,
1092 3075 1187 3135 utin
1209 3077 1356 3137 carmine
1376 3074 1546 3139 Saliorum
1567 3086 1645 3141 sunt
1665 3078 1765 3143 haec:

694 3190 972 3259 »Conoiauloidon
994 3195 1068 3267 6⁸03
1090 3191 1202 3253 omina
1223 3193 1395 3254 enimvero
1424 3234 1428 3241 -

696 3310 767 3376 »Ad
787 3311 908 3394 pitula'
929 3311 993 3374 ose'
1014 3311 1112 3373 misse
1132 3310 1210 3372 ani
1232 3310 1393 3375 cnsiones.

696 3430 855 3495 »Dudnus
871 3427 976 3492 Ceras
998 3430 1086 3505 eset,
1108 3426 1240 3511 dunque
1259 3429 1364 3491 Janus
1386 3430 1514 3492 vivet«

282 3549 380 3613 Post:
405 3548 544 3613 »Melies
566 3568 643 3611 eum
664 3550 873 3634 regumn..
895 3547 926 3609 h.
939 3568 968 3610 e.
992 3543 1274 3608 Choroianloidos
1295 3566 1370 3609 ero:
1401 3549 1515 3608 omina
1535 3548 1706 3614 enimvero
1735 3546 1777 3610 ad
1804 3549 1933 3632 patulas
1953 3569 2013 3614 au·

282 3688 335 3733 rea
365 3671 486 3732 misere
517 3669 596 3731 Jani
627 3668 792 3731 curiones.
833 3667 946 3728 Bonus
969 3662 1074 3727 Carus
1106 3661 1147 3742 (s.
1172 3662 1276 3728 Carus
1298 3685 1430 3743 manus,
1463 3663 1550 3748 quod
1575 3665 1653 3727 Jani
1684 3688 1804 3730 nomen
1835 3669 2013 3748 mysticum

282 3786 361 3865 mit)
382 3788 458 3865 erit,
481 3786 623 3871 dumque
645 3783 892 3865 (donec)Janus
912 3785 1015 3849 vivet.
1058 3783 1139 3846 Post
1160 3783 1212 3862 (in
1230 3783 1297 3844 alic
1312 3783 1504 3869 fragmine):
1526 3781 1651 3846 Melior
1671 3803 1789 3847 eornm
1810 3805 1927 3871 regum
1948 3796 2012 3851 cet.

448 3906 496 3971 17.
541 3906 632 3968 Alios
652 3924 772 3968 versus
793 3899 1008 3966 Scaurusde
1031 3902 1272 3989 orthographia
1293 3922 1325 3985 p.
1346 3902 1440 3965 2261.
1462 3904 1628 3980 servavit,
1658 3915 1697 3967 ut
1719 3906 1872 3986 antiquos
1894 3923 2012 3966 cume

281 4039 344 4103 pro
366 4040 488 4103 quum
510 4023 631 4086 dixisse
652 4024 830 4108 probaret:
852 4041 932 4106 quos
953 4039 993 4083 eo
1014 4019 1174 4082 libentius
1194 4020 1349 4101 prplero,
1371 4038 1414 4082 ne
1436 4019 1510 4101 quis
1533 4019 1722 4085 offendatur
1741 4022 1889 4100 licentia,
1911 4040 2011 4103 quam

282 4135 485 4201 Umbrorum
505 4159 620 4203 versus
641 4161 722 4223 prae
744 4162 780 4205 se
801 4146 891 4205 ferre
911 4138 1081 4202 videntur.

611 4256 732 4323 »Come
753 4263 868 4343 poinas
887 4257 1073 4336 Lepcdsiad
1093 4264 1290 4339 praetexere
1311 4248 1434 4317 monti.
1446 4302 1469 4319 ..

612 4377 703 4441 »Quo
725 4378 794 4439 tibe
815 4373 983 4455 ti(mebas)
1004 4376 1084 4437 rinei
1105 4374 1146 4437 de
1167 4375 1235 4449 his,
1258 4391 1352 4435 cume
1375 4369 1573 4435 tondremi«

282 4495 322 4557 In
341 4514 498 4559 versuum
518 4496 660 4557 istorum
682 4493 824 4578 abrupta
844 4496 1008 4558 sententia
1028 4493 1259 4572 Hermaunns,
1295 4494 1354 4574 qui
1374 4493 1412 4552 in
1433 4491 1660 4554 elementis
1682 4489 1906 4553 doctrinae
1927 4507 2010 4551 mc-

283 4616 422 4678 tricae
442 4612 502 4691 111,
524 4614 554 4678 9.
577 4634 611 4698 p·
631 4613 693 4679 606
713 4634 781 4696 sqq.
804 4613 845 4676 de
864 4613 1014 4675 numeris
1035 4609 1206 4674 Saturniis
1227 4610 1419 4674 accuratius
1441 4610 1529 4694 egit,
1563 4626 1598 4671 se
1618 4608 1705 4671 nihil
1727 4607 1820 4671 aliud
1841 4608 2009 4692 dispicere

283 4742 461 4809 testatum·
475 4752 573 4816 qnam
603 4733 808 4795 mentionem
835 4734 954 4795 iactam
978 4749 1048 4793 esse
1068 4728 1164 4792 urbis
1184 4729 1402 4793 Luceriae.
1444 4724 1606 4808 Equidem
1627 4729 1805 4815 ignorans,
1839 4724 1919 4809 quid
1939 4724 2009 4786 sibi

279 4851 361 4915 urbs
381 4853 528 4916 Luceria
548 4854 585 4915 in
607 4852 756 4918 carmine
777 4849 901 4915 Saliari
921 4849 1022 4930 velit,
1042 4848 1292 4913 Leucosiam
1312 4847 1432 4912 Sirena
1451 4845 1625 4933 intelligo,
1661 4856 1760 4932 atque
1780 4845 1913 4908 monti
1940 4861 2005 4926 pro
2110 4858 2113 4864 ·
