4364 5754
220 735 288 794 aris
308 729 483 795 duodecim
510 731 738 818 cognoscitur,
770 745 872 810 quae,
905 726 1063 812 Varrone
1082 728 1123 787 L.
1146 726 1188 786 L.
1211 724 1255 789 V.
1278 723 1307 808 ς.
1328 727 1381 792 ld.
1404 733 1504 800 teste,
1537 724 1631 788 Tatii
1661 726 1752 813 regis
1781 736 1862 789 voto
1883 734 1966 788 sunt

220 853 342 914 nemas
370 848 540 912 dedicatae
571 848 596 908 1.
620 847 704 931 Opi,
726 844 769 906 ΙΙ.
792 845 927 924 Florae,
967 845 1027 907 111.
1051 842 1200 906 Vediovi
1221 842 1452 928 Saturnoque,
1487 842 1550 907 IV.
1572 841 1657 923 Soli,
1679 843 1725 909 V.
1746 843 1873 921 Lunae,
1895 843 1960 906 Vl.

223 969 374 1032 Volcano
403 977 437 1030 et
463 965 659 1043 Summano,
694 967 838 1046 itemquo
859 963 938 1030 VII.
959 960 1157 1042 Larundae,
1192 961 1287 1024 VIII.
1311 963 1492 1041 Termino,
1525 959 1586 1030 IX.
1609 962 1770 1044 Quirino,
1800 958 1845 1023 X.
1868 960 1963 1023 Vor-

221 1097 348 1165 tumno,
371 1080 432 1146 XI.
454 1083 610 1162 Laribus,
632 1082 711 1146 XII.
735 1082 863 1144 Dianae
882 1084 1114 1164 Lucinaeque,
1136 1099 1243 1164 neque
1265 1100 1305 1142 ex
1326 1080 1396 1142 illle
1417 1078 1594 1142 duodecim
1615 1079 1692 1159 diis,
1716 1099 1798 1162 quos
1818 1081 1965 1143 maxime

221 1207 445 1297 agricolarum
466 1201 566 1265 duces
588 1221 658 1264 esse
669 1201 781 1263 Varro
803 1200 978 1281 lt.1t.1‚1.
1002 1202 1155 1284 scripsit,
1178 1202 1324 1284 quinque
1343 1219 1451 1262 mares
1471 1208 1506 1262 et
1526 1208 1650 1285 septem
1671 1197 1964 1276 teminmtovem

222 1335 257 1389 et
277 1325 469 1399 Tellurem,
502 1319 617 1383 Solem
643 1329 677 1382 et
701 1319 853 1397 Lunam,
887 1317 1043 1382 Cererem
1069 1312 1104 1381 eb
1122 1317 1303 1395 Liberum,
1336 1317 1502 1405 Robigum
1529 1334 1568 1379 ac
1588 1317 1739 1396 Floram,
1771 1315 1963 1380 mmmm

222 1454 256 1506 et
274 1432 461 1518 Venerem,
487 1436 675 1523 Lymph'am
696 1457 734 1499 ac
756 1437 884 1498 Bonum
905 1438 1088 1515 Ereptum,
1108 1433 1168 1500 sed
1187 1439 1217 1498 si
1238 1435 1373 1498 Umbris
1392 1434 1482 1499 idem
1503 1454 1573 1497 mos
1600 1439 1682 1515 luit,
1719 1453 1818 1519 quem
1837 1434 1964 1497 Home·

222 1576 280 1624 rus
305 1560 514 1636 observavit,
536 1567 575 1619 ut
595 1556 660 1619 diis
682 1556 862 1640 praecipue
881 1556 1040 1634 mascula,
1062 1553 1186 1618 deabus
1208 1557 1351 1617 leminea
1371 1564 1598 1617 mactarentur
1619 1554 1795 1643 animalia,
1817 1555 1965 1637 quinque

223 1680 364 1742 feminae
393 1687 426 1740 et
452 1685 578 1760 septem
606 1695 713 1737 mares
742 1672 881 1758 putandi
908 1683 988 1737 sunt
1014 1671 1064 1734 dii
1084 1672 1240 1734 lustrales
1261 1682 1398 1754 quartae
1419 1672 1562 1735 tabulae.
1606 1671 1847 1735 Verumtamen
1868 1668 1965 1732 dubi·

223 1801 383 1860 tationem
404 1791 568 1876 quandam
589 1803 702 1855 movet
721 1801 813 1854 sexta
835 1791 961 1871 tabula,
983 1793 1020 1852 in
1041 1809 1107 1873 qua
1127 1809 1190 1876 pro
1212 1788 1325 1853 dativo
1343 1787 1481 1878 Τεφρε
1501 1790 1637 1864 Ithe,
1659 1792 1803 1853 suitam
1815 1787 1966 1875 Μαρτε

228 1913 364 2002 labra,
398 1931 498 1994 quam
523 1908 656 1998 Τρεβε
677 1910 804 1974 Ianc
825 1920 859 1974 et
893 1910 1163 2002 Teoslera,
1196 1905 1392 1993 respondet,
1424 1906 1485 1982 VI,
1506 1928 1538 1987 u,
1559 1911 1610 1975 22.
1633 1912 1792 1991 etidsq.
1816 1905 1966 1968 Teiret

223 2036 295 2095 sive
315 2031 446 2093 Tefro
466 2030 563 2091 Jovi
584 2030 746 2113 scriptum
766 2038 832 2108 est,
854 2039 954 2112 atque
975 2029 1011 2088 in
1032 2028 1189 2112 precibus
1210 2026 1337 2089 Teire
1357 2026 1378 2089 J
1386 2029 1496 2104 ovis,
1518 2028 1606 2088 sicut
1626 2026 1678 2089 Di
1699 2025 1910 2088 Grabovie
1931 2034 1965 2087 et

224 2151 392 2212 Fisovie
411 2143 576 2224 Safficis,
599 2164 664 2207 non
687 2145 814 2207 Teira
833 2146 855 2209 J
864 2149 979 2226 oria,
1011 2147 1100 2208 sient
1119 2145 1312 2207 Prestota
1329 2140 1485 2205 *Soriia
1505 2154 1540 2206 et
1559 2144 1696 2207 Tursa
1714 2139 1888 2221 *Serfia,
1909 2143 1964 2204 in-

227 2279 375 2332 vocatur.
410 2264 640 2347 Itaquequum
661 2263 810 2325 Tefrel
831 2263 1050 2347 pihaclum
1070 2262 1180 2350 V1,a,
1199 2264 1241 2329 28
1262 2272 1297 2324 et
1314 2264 1380 2341 35,
1401 2264 1489 2328 sicut
1507 2259 1647 2348 τεφρα
1668 2265 1740 2325 sive
1760 2259 1869 2324 calida
1887 2271 1964 2324 exta

224 2386 714 2470 §.1⁰.,atepcrevocatum,
747 2383 782 2441 in
814 2382 1032 2465 inscriptione
1054 2379 1253 2443 Cortonensi
1285 2399 1361 2442 cum
1381 2379 1492 2442 Tusca
1520 2399 1602 2442 voce
1628 2379 1843 2459 Sethlanl,
1875 2379 1909 2441 b.
1932 2398 1963 2443 e.

223 2501 410 2580 Vulcanal,
446 2501 659 2578 conjunctum
679 2501 741 2576 sit,
775 2508 889 2572 erunt,
929 2501 989 2582 qui
1009 2497 1201 2562 Vulcanum
1229 2498 1395 2561 Jovialem
1416 2498 1574 2564 Martian.
1599 2497 1677 2584 Cap.
1701 2498 1729 2580 l,
1752 2501 1780 2585 §.
1801 2502 1852 2566 42
1876 2496 1964 2585 apud

223 2623 365 2685 Umbros
397 2618 478 2681 Tel
482 2637 569 2679 rum
588 2618 759 2681 Jovium
780 2627 937 2680 vocatum
958 2636 1027 2681 esse
1047 2628 1175 2703 putent.

387 2738 441 2800 24.
484 2733 602 2796 Nihilo
624 2738 735 2796 minus
755 2734 844 2797 hunc
864 2738 936 2800 sive
957 2735 1057 2799 deum
1086 2739 1158 2799 sive
1179 2733 1274 2798 deam
1307 2743 1503 2819 propterea,
1536 2733 1625 2817 quod
1654 2755 1748 2799 sacra
1779 2739 1848 2817 ejus
1879 2734 1965 2800 tiunt

226 2852 435 2942 pesondro
467 2852 673 2914 sorsalsm
699 2862 801 2943 atque
833 2855 1019 2917 stellare
1039 2854 1102 2933 VI,
1125 2875 1155 2932 a,
1176 2854 1218 2921 39
1239 2873 1301 2936 sq,
1329 2852 1362 2912 h.
1385 2872 1415 2914 e.
1438 2828 1638 2939 purgatione
1658 2855 1777 2915 sociali
1797 2864 1833 2917 et
1850 2855 1964 2916 stabu-

225 2976 290 3036 lari
309 2973 380 3033 sive
401 2969 549 3030 familiae
569 2976 604 3029 et
623 2966 805 3051 pecudum,
828 2969 940 3031 Palem
961 2974 1184 3056 interpretor,
1205 2974 1347 3032 flammis
1368 2981 1516 3056 pastores
1538 2973 1733 3036 lustrantem
1755 2970 1843 3058 apud
1864 2972 1962 3037 osia.

228 3093 261 3155 P.
285 3088 348 3165 IV,
370 3090 430 3153 721
453 3106 536 3169 sqq,
573 3087 632 3147 cui
649 3083 738 3169 apud
758 3084 978 3171 Calpurnium
998 3107 1129 3171 quoque
1149 3088 1219 3150 Ecl.
1242 3088 1287 3167 II,
1310 3092 1361 3154 63.
1399 3107 1520 3173 ,‚saepe
1540 3087 1632 3152 cadit
1650 3093 1743 3154 iestis
1763 3089 1884 3154 devota
1904 3088 1967 3154 Pa·

227 3195 344 3270 lilibus
373 3202 496 3293 agua.“
548 3203 646 3266 Hunc
678 3202 773 3267 deam
802 3206 936 3289 pabuli,
970 3228 1086 3291 quanm
1129 3215 1211 3269 teste
1241 3203 1363 3269 Servio
1389 3204 1432 3269 ad
1464 3206 1562 3295 Virg.
1598 3207 1638 3270 G.
1660 3208 1721 3289 111,
1754 3214 1783 3274 1.
1813 3211 1875 3271 ulli
1895 3210 1966 3274 Ve-

225 3336 321 3405 stam,
365 3325 426 3386 alii
457 3322 603 3385 Matrem
630 3321 728 3384 deum
758 3324 933 3404 volebant,
977 3327 1131 3409 plerique
1168 3322 1303 3408 quidem
1334 3325 1561 3388 Romanorum
1591 3329 1772 3413 scriptores
1802 3330 1965 3392 tenuius
2016 3314 2021 3321 ’

225 3460 347 3533 genere
379 3433 568 3526 appellant,
595 3440 656 3502 alii
687 3458 785 3514 vero,
823 3444 914 3504 inter
944 3459 1027 3524 quos
1059 3441 1174 3504 Varro
1205 3441 1385 3506 secundum
1423 3443 1597 3526 Servium,
1639 3447 1840 3510 masculino=
1876 3447 1966 3510 unde

226 3562 394 3626 brnobius
428 3558 490 3637 III,
522 3577 595 3645 pag·
631 3559 724 3624 ltu:
755 3557 925 3636 „Genium
951 3557 1136 3637 Jovialem,
1169 3563 1231 3639 ait,
1266 3570 1301 3623 et
1319 3561 1449 3642 Palem,
1482 3561 1540 3624 sed
1572 3583 1639 3626 non
1669 3565 1764 3626 illam
1795 3567 1965 3645 feminam,

226 3700 325 3766 quam
344 3679 530 3766 vulgaritas
551 3677 691 3761 accipit,
713 3673 772 3738 sed
792 3678 966 3740 masculini
986 3680 1117 3765 generis
1137 3681 1250 3740 nescio
1271 3698 1370 3761 quem
1390 3683 1582 3743 ministrum
1597 3682 1692 3744 Jovis
1713 3702 1752 3745 ac
1773 3683 1966 3764 villicum,“

225 3799 413 3863 Martianus
435 3794 514 3881 Gap.
536 3804 650 3857 autem
672 3795 699 3873 1,
722 3793 750 3877 ξ.
774 3796 824 3860 5⁰.
869 3795 1023 3858 Vulcano
1046 3806 1080 3858 et
1100 3794 1207 3858 Genio
1239 3794 1333 3859 addit
1351 3797 1446 3860 Jovis
1466 3798 1572 3877 filios,
1605 3798 1717 3862 Palem
1739 3811 1773 3864 et
1792 3803 1964 3866 Pavorem.

227 3915 279 3977 Ne
300 3919 373 3997 quis
393 3935 475 3978 vero
496 3934 613 3977 vocem
634 3912 826 3997 Tephral
857 3916 893 3974 in
914 3916 1133 4000 inscriptione
1155 3914 1353 3978 Cortonensi
1375 3914 1518 3979 Tuscum
1539 3928 1648 4002 putet,
1671 3923 1750 4003 qnia
1770 3919 1966 3983 Sethlanl

228 4030 410 4108 antecedit,
444 4042 478 4094 et
497 4031 619 4095 Paulus
639 4033 808 4095 Diaconus
829 4033 1009 4095 formulam
1028 4032 1132 4095 Arse
1159 4053 1301 4112 verse,
1325 4036 1380 4096 cui
1407 4036 1518 4120 prima
1538 4038 1641 4100 verba
1661 4037 1785 4102 Arses
1805 4060 1966 4119 runca,

229 4154 295 4231 jam
315 4153 350 4210 in
370 4149 544 4232 superiore
565 4149 731 4233 particula
751 4151 779 4224 §.
803 4152 855 4214 22.
879 4150 1058 4234 explicata,
1097 4150 1314 4235 respondent,
1337 4172 1356 4215 e
1376 4153 1487 4216 Tusca
1507 4155 1624 4242 lingua
1644 4159 1884 4242 interpretatus
1904 4169 1965 4234 est,

227 4279 332 4334 totam
362 4266 612 4349 inscriptionem
643 4285 684 4328 ex
716 4266 865 4354 Iguvinis
896 4266 1036 4345 tabulis,
1069 4271 1105 4329 in
1136 4268 1255 4351 quibus
1286 4281 1419 4354 praeter
1448 4292 1552 4336 unum
1585 4272 1731 4337 Tuscum
1763 4277 1965 4340 vocabulum

228 4385 425 4451 Sethlanl
453 4384 583 4466 reliqua
610 4387 689 4481 lere¹
707 4389 820 4448 omnia
847 4387 1024 4474 leguntur,
1058 4387 1226 4471 explicare
1253 4388 1309 4451 hio
1336 4392 1447 4457 liceat.
1491 4388 1568 4453 Vox
1589 4411 1683 4485 arse
1703 4412 1766 4479 pro
1787 4393 1910 4457 ardore
1932 4405 1983 4458 et

228 4508 358 4568 flamma
389 4504 472 4566 latet
498 4503 534 4562 in
562 4500 673 4563 verbis
695 4501 859 4592 αρεπερ
881 4502 1030 4592 ὰρΓες,
1064 4503 1245 4588 dequibus
1267 4507 1303 4566 in
1324 4510 1498 4591 superiore
1518 4513 1686 4593 particula
1707 4514 1736 4598 §-
1759 4517 1810 4580 21.
1833 4515 1966 4576 locutus

228 4644 316 4703 sum,
347 4639 468 4686 verse
489 4638 572 4682 vero
593 4617 636 4681 ad
656 4618 746 4682 idem
765 4622 908 4684 verbnm
937 4642 1014 4686 cum
1046 4621 1290 4687 averruncandi
1321 4628 1457 4688 notione
1489 4631 1644 4712 pertinet,
1675 4629 1764 4694 unde
1796 4636 1966 4696 virseto

228 4744 420 4803 avirseto
443 4736 662 4802 derivandum
684 4749 734 4801 est
761 4742 797 4801 in
818 4741 973 4825 precibus
993 4742 1056 4823 VI,
1068 4743 1101 4822 b,
1113 4745 1166 4809 28.
1177 4744 1229 4810 38.
1242 4745 1283 4810 te
1300 4755 1363 4811 cet.
1415 4743 1504 4830 Ape
1526 4751 1734 4828 conjunctio,
1767 4770 1867 4834 quam
1888 4767 1966 4814 cnm

228 4855 436 4934 subjunctivo
468 4859 618 4921 construi
649 4857 757 4920 solere
787 4860 823 4919 in
855 4862 1027 4943 superiore
1059 4862 1225 4947 particula
1255 4859 1374 4943 docui,
1407 4863 1462 4927 bic
1493 4884 1571 4930 cum
1593 4862 1777 4932 indicativo
1799 4831 1963 4960 jungitur,
