4364 5754
638 1753 1677 1863 Praefatio..

371 2328 614 2483 Postquam
637 2380 764 2482 priori
797 2382 914 2482 hujus
939 2382 1073 2482 operis
1097 2378 1313 2481 particulae
1343 2381 1386 2458 in
1410 2382 1542 2459 tabula
1565 2380 1729 2482 quadam
1751 2381 1936 2487 lithograa

207 2533 324 2630 phica
349 2534 597 2635 alphabetum
621 2533 848 2612 Umbricum
880 2535 1019 2635 adjeci,
1050 2534 1130 2634 jam
1162 2531 1361 2609 literarum
1393 2533 1479 2609 soni
1511 2558 1600 2610 cum
1633 2534 1773 2613 ceteris
1804 2512 1936 2636 rebul,

207 2711 305 2784 quae
329 2687 379 2761 ad
393 2688 581 2764 elementa
593 2687 862 2787 grammaticae
876 2686 1085 2786 pertinent,
1111 2692 1298 2784 quatenus
1317 2684 1405 2761 fieri
1418 2692 1563 2784 potest,
1588 2698 1637 2761 e'x
1650 2687 1936 2787 comparatione

207 2850 365 2937 quartae
378 2838 563 2937 iguvinae
586 2838 741 2914 tabulae
758 2862 847 2915 cum
861 2844 966 2912 sexta
990 2833 1229 2936 septimaque
1242 2835 1408 2913 eruendi
1431 2844 1533 2914 sunt,
1568 2837 1752 2921 Quartam
1762 2838 1867 2920 illam
1881 2850 1935 2920 ta-

204 2991 346 3082 bulam,
371 2988 479 3065 istius
495 2991 556 3066 rei
581 3014 694 3065 causa
713 2990 755 3067 in
771 2990 871 3064 hanc
894 2986 1123 3089 particulam
1146 2998 1391 3083 reservatam,
1414 2982 1535 3066 totam
1558 2989 1714 3090 quidem
1728 2992 1935 3094 exhibebo,

204 3168 227 3217 e
244 3151 350 3216 sexta
363 3166 459 3218 vero
473 3156 588 3242 atque
602 3141 765 3242 septima
780 3166 826 3217 ea
839 3141 932 3235 sola,
957 3166 1057 3242 quae
1074 3140 1275 3220 vocabulis
1290 3148 1462 3241 quartae,
1487 3139 1570 3219 sive
1585 3144 1808 3243 peneadem
1822 3172 1934 3248 pror·
2081 3204 2085 3213 -

204 3320 278 3388 sus,
294 3294 375 3371 sive
390 3319 466 3395 per
479 3319 691 3397 synonyma
714 3294 848 3391 verba,
872 3295 1120 3394 respondent
1145 3290 1371 3371 Exindiciis
1384 3289 1579 3391 versuum,
1604 3293 1805 3397 inquibus
1821 3324 1933 3380 voca·

202 3447 294 3522 bula
307 3471 482 3549 quaeque
506 3447 651 3548 scripta
667 3446 866 3547 leguntur,
895 3446 1242 3547 comparandorum
1257 3446 1368 3525 initia
1399 3456 1565 3548 propter
1592 3449 1731 3547 ὕστερον
1750 3452 1932 3550 πρότερον,
2006 3500 2007 3504 ¹

203 3600 310 3698 quod
323 3600 514 3677 Bonarota
526 3602 634 3695 fecit,
658 3600 737 3678 tab.
752 3600 821 3694 IV,
830 3600 869 3675 b.
879 3608 920 3676 et
932 3600 1000 3695 vl,
1015 3601 1056 3677 b.
1070 3625 1154 3676 esse
1177 3608 1477 3700 cognoscuntur.
1510 3596 1595 3675 Etsi
1610 3595 1789 3674 autemin
1800 3596 1931 3676 verbis

201 3752 295 3850 ipsis
321 3752 420 3827 nihil
443 3752 600 3848 mutavi,
635 3752 710 3830 nisi
735 3760 913 3829 annotata
937 3776 1090 3852 semper
1114 3776 1208 3828 vera
1231 3752 1414 3847 lectione,
1444 3759 1571 3827 tamen
1594 3773 1673 3850 quo
1698 3746 1842 3825 clarior
1864 3750 1930 3826 fie-

200 3914 263 3979 ret
286 3905 536 4003 comparatio,
569 3904 690 4005 signa,
716 3906 859 4007 quibus
880 3904 1072 3984 vocabula
1101 3904 1253 4005 singula
1276 3903 1380 3981 inter
1403 3926 1446 3979 se
1475 3900 1665 4002 distingui
1689 3902 1826 3998 solent,
1859 3902 1931 3979 ubi

200 4081 407 4155 perperam
430 4056 556 4158 posita
580 4065 704 4151 erant,
728 4054 894 4152 correxi,
919 4056 990 4134 ubi
1004 4057 1153 4153 omissa,
1176 4056 1375 4135 interdum
1395 4053 1534 4156 adjeci.
1572 4054 1704 4134 Verba
1716 4079 1929 4158 maonymo,

199 4208 402 4308 exquibus
416 4210 696 4289 vocabulorum
707 4210 853 4286 formae
873 4235 1081 4312 sensusque
1094 4209 1309 4305 d'mcuntur,
1322 4209 1371 4285 ab
1385 4207 1620 4310 homonymia,
1644 4232 1719 4308 per
1730 4231 1829 4307 quae
1844 4207 1928 4285 lite-

200 4387 330 4437 rarum
363 4362 448 4438 soni
477 4362 667 4462 imprimis
701 4362 788 4439 erui
820 4373 1001 4463 possunt,
1034 4362 1141 4464 typis
1172 4362 1327 4439 mutatis
1358 4358 1631 4462 d‘mtinguenda
1662 4361 1817 4460 putavi,
1851 4385 1929 4461 quo

199 4512 350 4589 facilius
376 4513 418 4588 in
443 4516 576 4591 oculos
600 4515 830 4593 inciderent
881 4514 971 4592 Non
995 4540 1084 4592 raro
1109 4516 1189 4610 illa,
1214 4540 1313 4616 quae
1337 4512 1486 4591 Latinis
1509 4513 1633 4591 literis
1658 4511 1803 4613 scripta
1828 4522 1928 4606 sunt,

202 4664 317 4741 alium
349 4668 629 4744 vocabulorum
662 4669 839 4745 ordinem
873 4682 1101 4769 sequuntur,
1135 4693 1247 4769 quam
1284 4667 1466 4746 Umbriae
1488 4665 1650 4767 scripta:
1688 4689 1734 4740 ea
1758 4661 1928 4764 quidem,

202 4819 291 4916 quia
323 4844 401 4895 non
434 4820 757 4927 contemnendum
790 4820 840 4897 ad
871 4820 1228 4923 interpretationem
1262 4845 1374 4900 usum
1402 4819 1613 4922 praebent,
1649 4813 1755 4892 haud
1786 4825 1928 4893 munta
