4364 5754
1052 529 1258 592 ...12-

292 698 381 761 mani
412 698 512 761 etiam
542 699 759 779 scripsere
779 715 842 779 pro
864 697 1133 780 scripserunt
1164 695 1276 760 dicere
1306 696 1464 760 solebant.
1506 697 1636 761 Dirsa
1656 705 1774 761 contra
1794 717 1858 781 pro
1879 697 2026 765 dirsas

291 817 362 879 sive
382 814 548 880 dirsans
568 812 694 903 legitur
714 817 750 878 in
770 816 989 898 inscriptione
1009 816 1131 877 tertiae
1152 815 1300 892 tabulae,
1331 814 1463 877 Latinis
1483 816 1593 878 literis
1615 818 1762 900 oqripta,
1785 814 2026 905 etsesdune

290 952 397 1017 φιιστ
416 935 477 1014 Ν,
499 956 529 1012 a,
549 936 600 1002 39.
623 955 686 1019 pro
707 931 925 1017 purditom
946 935 1033 997 fust
1053 932 1131 1012 Vll,
1154 953 1184 1012 a,
1206 934 1270 1012 45,
1301 935 1432 996 etiamsi
1452 931 1635 996 indicativo
1656 941 1801 998 vaeeto
1824 943 1886 998 est
1905 935 1967 1016 VI,
1990 937 2025 1015 b,

288 1049 339 1115 27.
361 1053 433 1115 sive
454 1050 643 1119 va*setom
665 1060 745 1130 est,
766 1051 829 1129 VI,
852 1052 883 1130 b,
905 1051 956 1117 37.
985 1051 1216 1133 subjunctivus
1237 1060 1450 1116 vasetome
1479 1055 1563 1115 snut
1584 1052 1644 1129 vl,
1667 1071 1697 1129 a,
1719 1055 1771 1116 47.
1799 1054 1872 1116 sivo
1890 1049 2028 1132 Fale-

289 1188 382 1249 τιιμι
402 1189 447 1236 σε
469 1171 529 1250 Ν,
552 1191 582 1248 a,
603 1171 635 1236 8.
657 1169 845 1252 respondet.
1369 1223 1374 1233 .

453 1291 482 1353 4.
527 1290 637 1354 Quum
667 1290 765 1351 litera
797 1288 906 1350 finalis
926 1307 954 1350 ιιι
975 1287 1064 1369 apud
1084 1287 1227 1351 Umbros
1247 1288 1373 1368 ubique
1394 1287 1494 1368 abjici
1514 1294 1642 1370 posset,
1675 1288 1804 1368 syllaba
1830 1307 1960 1372 quoquc
1980 1280 2028 1353 aa

288 1407 359 1491 sivo
380 1426 444 1484 co,
477 1408 592 1471 multis
612 1407 804 1471 nominibus
825 1410 862 1469 in
881 1407 949 1468 fine
969 1404 1093 1484 addita,
1116 1407 1205 1468 sicut
1233 1426 1279 1469 πε
1299 1407 1335 1466 in
1356 1403 1478 1487 ιικριπε
1500 1404 1562 1482 Ν,
1584 1406 1616 1482 b,
1639 1406 1688 1469 12.
1713 1426 1754 1470 ex
1777 1409 2027 1489 praepositione

289 1519 354 1607 aad
376 1526 561 1607 postposite
579 1525 810 1589 abbreviatum
832 1532 900 1602 est,
923 1545 964 1586 ex
986 1526 1235 1608 praepositione
1256 1543 1335 1603 κιιμ
1354 1525 1428 1585 sive
1449 1542 1534 1586 corn
1561 1524 1746 1607 postposita
1767 1522 1953 1587 derivanda
1972 1527 2026 1588 vi·

288 1638 405 1720 detur,
422 1641 525 1705 ‚unde
556 1663 619 1726 pro
641 1644 765 1726 plurali
783 1661 1019 1730 capparone
1040 1641 1101 1721 IV,
1123 1660 1154 1718 a,
1178 1644 1228 1706 19.
1253 1642 1353 1702 etiam
1378 1643 1560 1728 singularis
1581 1650 1807 1705 termnuco
1834 1641 1896 1720 Vl,
1917 1664 1949 1720 a,
1970 1645 2023 1711 55.

168 1824 171 1829 ,
287 1761 368 1841 poni
387 1762 508 1843 potnit.
563 1760 847 1837 Quemadmodum
877 1769 988 1824 autem
1018 1761 1201 1843 composita
1230 1755 1437 1845 τεστριικιι
1469 1766 1503 1823 et
1530 1757 1740 1848 νιρτριικθ
1761 1758 1821 1836 Ν,
1843 1761 1876 1836 b,
1898 1763 1948 1826 30.
1971 1762 2024 1828 33.

287 1876 358 1938 sivo
379 1874 576 1941 destruco
609 1888 642 1942 et
673 1887 883 1942 nertruco
904 1878 965 1954 Vl,
987 1896 1017 1952 a,
1039 1878 1091 1940 24.
1113 1877 1165 1942 37.
1190 1875 1454 1954 adverbialiter,
1485 1886 1525 1939 ut
1546 1879 1772 1940 Romanorum
1804 1877 1960 1942 dextrd
1992 1890 2026 1944 et

286 1995 484 2074 sinistri,
508 1995 699 2079 explicanda
721 2005 815 2073 sunt;
843 1998 892 2057 sic
913 1998 1013 2059 etiam
1035 2015 1053 2057 a
1076 1996 1273 2078 pronomine
1295 2015 1340 2057 er
1361 1997 1432 2057 sive
1453 2014 1496 2059 es
1522 1995 1588 2074 (is)
1610 1994 1806 2059 adverbium
1828 1993 1956 2078 adone
1978 1997 2024 2076 11,

285 2116 347 2191 31,
381 2113 470 2194 quod
492 2113 608 2191 inde,
642 2112 796 2179 deinde
817 2113 1004 2201 significat,
1036 2113 1256 2193 compositum
1289 2120 1348 2176 est.
1399 2111 1496 2176 Quod
1529 2135 1630 2196 quum
1663 2124 1732 2176 tam
1764 2134 1863 2201 apex
1895 2114 1937 2188 11,
1959 2117 2021 2190 14.

285 2248 383 2312 quam
411 2250 577 2296 erucom
599 2233 659 2305 Vl,
680 2252 709 2305 a,
730 2234 782 2298 50.
811 2233 976 2314 scriptum
996 2233 1059 2306 sit,
1093 2231 1204 2291 omnia
1232 2231 1387 2292 similiter
1418 2232 1454 2291 in
1490 2253 1509 2292 κ
1541 2234 1697 2296 exeuntia
1729 2230 1905 2304 adverbia,
1938 2252 2022 2314 quae

284 2349 450 2431 permulta
482 2362 575 2427 sunt,
618 2349 734 2413 eodem
772 2350 870 2413 modo
909 2329 986 2411 orta
1017 2355 1137 2431 putare
1170 2348 1263 2419 licet,
1296 2356 1336 2410 ut
1366 2344 1488 2429 ερακ,
1523 2346 1639 2435 adan,
1668 2346 1838 2436 ερερέκ,
1872 2360 1906 2412 et
1939 2370 2023 2433 quae

284 2462 374 2549 idem
394 2467 600 2554 significant,
622 2468 663 2530 ab
686 2489 754 2532 ave
776 2472 848 2530 sive
870 2489 921 2531 eva
942 2466 1005 2544 IV,
1027 2486 1056 2538 a,
1077 2466 1119 2530 35
1139 2487 1207 2549 sqq.
1230 2485 1344 2527 enem
1373 2468 1444 2530 sive
1466 2486 1583 2528 enom
1604 2466 1683 2546 Vll,
1706 2488 1735 2540 a,
1756 2471 1797 2534 44
1819 2488 1865 2550 sq.
1888 2467 2019 2532 deriva-

282 2589 336 2658 ta,
357 2603 455 2648 evax
484 2588 556 2649 sive
577 2607 665 2650 ινιικ
688 2561 750 2663 Ν,
771 2587 804 2665 b,
826 2589 876 2652 34.
900 2605 930 2658 a,
951 2588 981 2649 7.
1012 2605 1179 2665 avenes,
1211 2604 1376 2664 ινιιμεκ,
1406 2603 1529 2664 caepa
1560 2585 1620 2663 IV,
1648 2607 1678 2663 a,
1704 2590 1751 2649 ll.
1789 2594 1822 2649 et
1844 2585 1871 2663 I,
1894 2587 1935 2652 23
1956 2608 2022 2669 sqq.

281 2698 330 2763 lle
350 2723 431 2766 vera
452 2704 493 2766 ab
516 2724 576 2769 coe
596 2707 667 2767 sive
696 2723 774 2768 roan
796 2704 854 2782 Ill,
876 2725 906 2782 a,
930 2708 958 2767 l.
982 2713 1017 2766 et
1038 2706 1087 2767 14.
1120 2723 1218 2766 enoc
1247 2703 1316 2764 sive
1345 2670 1431 2766 is'ee
1463 2701 1523 2781 v1,
1545 2723 1573 2776 a,
1594 2704 1646 2770 25.
1678 2713 1747 2765 tam
1769 2724 1897 2768 eosne
1919 2706 1946 2782 1,
1967 2706 2020 2770 29.

282 2825 317 2878 ct
336 2837 470 2882 esome
490 2822 561 2884 aive
582 2842 689 2884 esme
716 2822 777 2896 Vl,
799 2841 828 2897 a,
850 2823 900 2886 47.
922 2824 974 2887 55.
1006 2842 1105 2903 quam
1132 2840 1283 2901 εσιιμεκ
1308 2820 1373 2898 Ν,
1397 2841 1433 2897 a,
1455 2821 1486 2885 8.
1516 2829 1550 2883 et
1571 2840 1690 2900 εσμικ
1712 2820 1774 2898 Ν,
1799 2808 1830 2899 b,
1852 2821 1902 2886 32.
1926 2819 2021 2883 'deri-

282 2941 359 2996 vata
381 2947 468 2998 suut.
513 2937 623 3001 Quum
651 2947 762 2999 antem
784 2937 845 3014 VI,
867 2958 896 3015 a,
918 2939 969 3003 24.
993 2947 1117 2999 eront
1144 2957 1207 3019 pro
1229 2958 1326 3016 εσμικ
1348 2936 1407 3009 Ν,
1429 2938 1460 3015 b,
1482 2939 1534 3002 29.
1558 2941 1722 3021 scriptum
1742 2940 1805 3015 sit,
1837 2946 1876 3000 ut
1897 2948 1937 3000 et
1956 2938 2021 3000 ibi·

282 3048 357 3112 dem
377 3072 441 3135 pro
462 3072 538 3118 aven
560 3054 621 3131 Ν,
633 3055 662 3127 b,
676 3056 739 3132 3l.‚
761 3054 919 3117 discimus
941 3053 1085 3138 quidem,
1107 3054 1267 3117 adverbia
1287 3057 1498 3116 consecutiva
1519 3057 1555 3116 in
1577 3066 1590 3118 t
1610 3056 1662 3119 vel
1685 3065 1755 3117 ont
1775 3077 1903 3138 quoqne
1915 3057 2020 3133 exire,

281 3176 320 3229 ut
341 3182 495 3235 euront
516 3180 551 3236 et
571 3174 743 3235 eriront
764 3172 823 3245 v1,
845 3194 874 3251 a,
888 3173 939 3238 63.
956 3173 1007 3238 48.
1032 3170 1211 3260 edebant
1232 3181 1266 3233 et
1286 3167 1511 3258 ερερεῥιιντ
1531 3171 1558 3251 Ι,
1584 3179 1612 3251 l,
1634 3177 1664 3236 5.
1687 3172 1856 3236 eribont
1878 3182 1911 3235 et
1931 3169 2019 3258 ερα·

286 3283 397 3367 davo,
420 3294 593 3354 eraiout
614 3301 647 3357 et
666 3294 779 3355 ifont
799 3292 859 3364 VI,
881 3312 910 3370 a,
932 3294 983 3356 50.
1007 3293 1057 3357 55.
1080 3295 1131 3358 65.
1155 3303 1190 3353 et
1211 3290 1271 3368 Ν,
1293 3311 1323 3369 a,
1346 3290 1414 3367 23,
1442 3289 1531 3352 nude
1553 3292 1652 3352 etiam
1676 3298 1824 3355 suront
1844 3299 1879 3352 et
1899 3310 2019 3385 suru-

282 3412 379 3465 ront
399 3425 462 3489 pro
483 3429 610 3483 surur
642 3411 857 3472 sivesuror
878 3417 912 3472 et
933 3428 1085 3471 snruro
1107 3408 1167 3486 VI,
1189 3429 1220 3485 a,
1241 3410 1292 3474 37.
1316 3408 1366 3473 48.
1388 3410 1409 3471 2
1429 3416 1464 3471 et
1481 3410 1515 3499 .⁴·
1547 3410 1678 3495 legitur.
1721 3408 1787 3472 Sed
1819 3407 1937 3488 iisdem
1959 3408 2017 3470 ad-

281 3522 424 3601 verbiis,
456 3537 496 3589 ut
515 3526 604 3606 illis,
636 3531 777 3612 quaein
797 3548 825 3590 m
846 3529 900 3590 vel
921 3547 980 3589 me
1001 3528 1152 3604 exibant,
1175 3527 1279 3589 litera
1299 3548 1318 3587 κ
1340 3528 1375 3587 in
1397 3527 1464 3590 fine
1485 3525 1561 3589 addi
1582 3535 1735 3610 poterat,
1768 3525 1856 3588 unde
1878 3548 1965 3590 ιτεκ
1988 3526 2016 3602 1,

278 3639 330 3705 31.
353 3643 394 3705 ab
416 3664 460 3707 er
481 3644 508 3724 1,
530 3647 560 3712 7.
585 3648 634 3710 12.
658 3645 778 3709 deduci
799 3666 895 3729 posse
916 3652 1015 3726 puto,
1038 3655 1078 3708 nt
1098 3663 1187 3708 ισεκ
1206 3645 1233 3723 1,
1254 3646 1283 3708 4.
1307 3645 1348 3707 ab
1369 3647 1423 3724 is,
1445 3664 1466 3706 a
1488 3665 1554 3727 quo
1577 3663 1697 3708 ισιινι
1717 3644 1759 3723 11,
1783 3648 1823 3709 16
1844 3666 1910 3727 sqq.
1933 3662 2014 3724 qno-

278 3778 341 3840 que
362 3760 582 3827 derivandum
607 3774 667 3828 est.
721 3763 777 3828 Sic
798 3766 839 3827 ab
861 3783 933 3826 eno
955 3764 1028 3826 sive
1049 3782 1165 3826 enom
1188 3761 1247 3824 VI.
1271 3782 1301 3838 a,
1325 3764 1364 3825 16
1385 3784 1433 3845 sq.
1456 3761 1498 3826 38
1519 3782 1604 3845 sqq,
1634 3781 1697 3846 pro
1718 3780 1783 3843 quo
1805 3781 1911 3824 enno
1934 3780 2014 3843 qno·

278 3894 341 3956 que
374 3882 444 3943 sivo
476 3902 624 3946 ennom
656 3883 732 3960 Vll,
754 3903 784 3961 a,
806 3883 848 3949 38
868 3903 916 3963 sq.
951 3900 1013 3963 per
1044 3878 1292 3964 diplasiasmum
1323 3880 1503 3957 scribitur,
1543 3900 1713 3944 ινιιντεκ
1743 3879 1767 3950 1,
1802 3852 1866 3945 18.Ι
1884 3880 2013 3962 pariter

278 4000 375 4074 atquc
406 4019 540 4064 ινενεκ
559 4000 603 4079 11,
625 4003 676 4066 20.
710 4006 834 4064 fectum
857 4019 927 4063 csse
948 3998 1105 4072 videtnr3
1139 4000 1252 4080 sicque
1279 3999 1391 4059 omnia
1419 3997 1524 4060 verba
1543 3999 1579 4059 in
1602 4007 1616 4060 t
1636 3997 1689 4061 vel
1710 4020 1729 4058 κ
1761 3998 1918 4058 exeuntia
1950 4016 2012 4078 pro

278 4108 464 4193 adverbiis,
486 4119 548 4180 etsi
570 4139 637 4181 non
659 4118 805 4198 eJusdem
827 4137 958 4200 semper
979 4118 1253 4203 significationis,
1275 4116 1468 4198 accipienda
1488 4126 1576 4180 sunt.

439 4236 469 4299 5.
512 4234 651 4297 Romani
673 4256 817 4320 quoque,
841 4239 941 4297 utin
964 4234 1039 4297 nde
1062 4234 1285 4309 emollientes,
1308 4233 1406 4297 inde
1428 4243 1461 4297 ct
1482 4233 1589 4296 unde
1611 4231 1778 4309 dicebant,
1800 4241 1840 4294 ut
1860 4235 1957 4295 hinc
1978 4242 2012 4294 et

275 4350 352 4412 sic:
376 4352 439 4413 etsi
460 4354 549 4413 enim
570 4373 645 4418 uec
665 4373 706 4416 ex
729 4375 873 4435 neque,
898 4374 944 4416 ac
966 4374 1006 4416 ex
1028 4362 1170 4436 atquc,
1193 4360 1232 4414 ut
1253 4372 1329 4414 neu
1351 4372 1392 4414 ex
1412 4372 1536 4428 neve,
1568 4369 1641 4412 seu
1663 4368 1704 4411 ex
1725 4352 1814 4414 sive
1835 4352 2010 4414 abbrevia·

273 4468 371 4546 bant,
395 4487 462 4530 non
483 4479 594 4534 tamen
616 4490 729 4535 omnes
751 4473 930 4552 particulas
951 4474 986 4531 in
1010 4491 1027 4533 c
1049 4480 1204 4534 exeuntes
1234 4469 1349 4532 eodem
1371 4469 1469 4533 modo
1491 4479 1583 4530 natas
1606 4487 1696 4544 esse,
1724 4466 1856 4530 donec
1877 4464 1923 4529 ex'
1941 4466 2009 4528 do·

273 4589 412 4649 nicom
441 4589 674 4654 abbreviatum
704 4587 818 4669 docet,
863 4587 951 4671 quod
977 4576 1116 4672 'quidem
1147 4610 1188 4651 ex
1226 4574 1387 4652 adverbio
1422 4587 1601 4666 temporali
1635 4585 1728 4648 dnm
1764 4595 1799 4647 et
1836 4587 2009 4668 praeposi-

272 4706 364 4768 tione
385 4725 480 4770 cum.
493 4682 722 4792 compositum¹
734 4727 806 4771 esse
825 4707 972 4771 videtur.
1016 4706 1113 4772 Quod
1134 4709 1163 4769 si
1184 4706 1344 4770 adverbia
1365 4716 1471 4778 tunc,
1489 4703 1710 4782 'nuncscum
1731 4703 1889 4788 ¹enclitico
1905 4720 1951 4763 cu
1959 4721 2007 4761 m-

273 4841 363 4901 que,
385 4823 502 4890 eodem
523 4825 622 4890 modo
642 4836 720 4891 nata
741 4836 835 4906 sunt,
869 4836 1010 4899 etum,
1042 4846 1148 4903 num,
1171 4845 1313 4908 quum,
1336 4844 1437 4906 qnae,
1460 4842 1561 4905 quum
1582 4823 1727 4905 antiqui,
1758 4816 1884 4883 Scauro
1907 4826 2004 4894 teste,
