4364 5754
964 570 1317 636 -14-v

226 733 402 828 udyscpsru
428 734 516 822 opud
536 734 691 818 Sophocl.
712 736 834 800 Electr.
857 736 942 815 627,
963 753 1066 823 genus
1086 736 1267 798 suffimenti
1295 731 1427 798 odorati
1448 755 1490 798 ex
1509 737 1613 799 varus
1638 735 1844 799 aromatibus
1864 755 1960 800 com·

226 861 390 945 positum,
413 853 502 940 quod
523 852 565 917 ad
584 856 716 918 suffitus
736 852 983 923 incendebatur.
1027 854 1168 916 Romani
1188 856 1368 936 scriptores
1388 853 1584 938 plerumque
1605 864 1660 917 tus
1680 863 1715 918 et
1734 851 1855 916 odores
1875 874 1960 918 con-

225 981 376 1065 jungunt.
429 972 495 1037 Sed
522 973 675 1036 omnibus
701 970 861 1038 odoribus
891 972 1145 1058 praeferebatur
1175 970 1355 1034 secundum
1385 971 1532 1035 Plinium
1560 973 1605 1038 II.
1634 968 1958 1051 N.·x11,2stoe)

225 1096 424 1172 balsamum,
445 1093 505 1155 uni
526 1101 693 1155 terrarum
712 1089 857 1154 Iudaeae
879 1110 1085 1168 concessum,
1108 1087 1198 1174 quod
1217 1110 1301 1154 voce
1321 1087 1465 1156 πελσανα
1486 1090 1549 1170 IV,
1562 1091 1657 1170 b,27.
1679 1087 1865 1177 designari,
1887 1091 1960 1171 jam

208 1192 261 1279 ‘in
281 1210 422 1276 secunda
442 1210 609 1296 particula
627 1211 660 1294 ξ.
681 1211 732 1275 23.
755 1212 887 1289 monui,
915 1210 974 1272 ubi
994 1210 1092 1271 simul
1113 1208 1179 1271 alia
1207 1211 1404 1296 purgatoria
1430 1207 1596 1298 (nepueu),
1617 1218 1657 1271 ut
1681 1227 1771 1274 uerso
1803 1205 1984 1288 (mtrm),·

224 1352 329 1408 acore
348 1328 478 1394 Ausere
500 1329 664 1404 (bitumen
684 1326 858 1404 Asianum)
880 1336 913 1389 et
934 1323 1007 1416 ξερε
1030 1324 1207 1406 (verbenae
1226 1348 1253 1392 s.
1266 1324 1426 1414 sagmina)
1448 1327 1616 1390 illustrata
1635 1336 1722 1411 aunt.
1763 1324 1960 1390 Secundum

223 1451 370 1513 Plinium
391 1448 436 1512 H.
458 1444 502 1510 N.
519 1441 662 1524 XXII,2
683 1455 767 1508 extr.
790 1447 879 1507 enim
899 1445 1063 1532 uerbenae
1083 1444 1140 1507 vel
1160 1446 1308 1530 sagmina
1328 1444 1485 1527 (utroque
1506 1445 1639 1506 nomine
1669 1441 1759 1506 idem
1789 1443 1961 1532 signitica-
2002 1426 2008 1440 ⁸
2055 1523 2060 1532 ¹

223 1581 282 1634 tur
302 1584 437 1655 gramen
459 1583 499 1626 ex
520 1583 596 1626 arce
617 1582 693 1625 cum
713 1584 772 1625 sua
791 1573 885 1626 terra
904 1562 1070 1641 evulsum)
1092 1565 1128 1625 in
1149 1559 1305 1626 remediis
1326 1563 1470 1647 publicis
1493 1564 1599 1641 luere,
1620 1561 1653 1626 b.
1671 1583 1700 1629 e.
1719 1563 1777 1627 rel
1798 1560 1960 1626 ornandis

225 1685 376 1762 deorum,
398 1702 480 1764 quos
499 1681 648 1766 placatos
667 1675 934 1762 uolebant'aria
965 1683 1016 1745 vel
1038 1680 1218 1746 lustrandis
1238 1700 1276 1745 ac
1297 1680 1476 1769 purgandis
1497 1679 1669 1762 domibus,
1698 1678 1788 1745 unde
1807 1681 1960 1746 venefica

224 1802 311 1890 apud
332 1800 519 1889 Virgilium
540 1798 609 1865 Ecl.
631 1798 726 1878 VIII,
748 1800 789 1865 65
809 1821 879 1884 sqq.
902 1802 1086 1885 praecipit:

346 1919 518 1983 Verbenas
539 1915 635 1980 adole
656 1919 789 2004 pinguis
811 1925 844 1980 et
864 1918 1011 1980 mascula
1031 1926 1123 1980 tura:

347 2036 506 2123 Coniugis
527 2045 565 2098 ut
585 2036 722 2121 magicis
742 2053 837 2097 sanos
858 2047 1011 2100 avertere
1031 2036 1133 2097 sacris

345 2156 509 2239 Experiar
528 2171 650 2215 sensus.
761 2187 805 2200 -
915 2187 957 2200 -
1058 2183 1099 2198 -

388 2276 419 2338 7.
462 2269 516 2333 Ne
535 2278 701 2353 repetam,
724 2288 806 2350 quae
828 2287 868 2331 ex
889 2269 1116 2354 superioribus
1136 2269 1233 2350 hujus
1254 2272 1365 2354 operis
1385 2271 1560 2355 particulis
1579 2271 1648 2351 jam
1667 2271 1748 2334 satie
1766 2264 1958 2352 istasunt,

224 2394 351 2459 omissis
373 2388 544 2467 omnibus,
574 2407 658 2470 quae
679 2390 715 2448 in
736 2406 792 2449 sex
813 2389 930 2472 primis
950 2388 1123 2449 ‘sacrificiis
1143 2398 1385 2469 memorantur,
1414 2387 1456 2450 ad
1477 2390 1708 2452 lustrationem
1729 2399 1804 2476 post
1824 2401 1960 2455 sextum

183 2509 188 2515 ”
223 2512 423 2577 sacrificium
444 2503 681 2569 instituendam
700 2508 811 2569 statim
831 2502 1041 2593 progredior.
1086 2506 1124 2567 In
1145 2507 1208 2568 hac
1230 2517 1297 2570 tres
1318 2516 1394 2569 sunt
1414 2504 1564 2591 periodi,
1586 2527 1728 2591 quarum
1748 2511 1893 2595 protasis
1914 2509 1959 2573 ab

221 2629 340 2695 iisdem
359 2625 471 2691 verbis
492 2644 555 2689 erse
575 2643 600 2686 s.
623 2618 880 2710 eas-medestae
900 2625 1031 2708 incipit,
1053 2624 1209 2708 apodosis
1229 2633 1346 2687 contra
1366 2625 1541 2709 particulis
1561 2646 1656 2707 εσμικ
1676 2627 1732 2689 vel
1753 2645 1838 2691 arax.
1889 2626 1961 2689 Re·

220 2768 303 2815 rera
319 2745 452 2830 quidem
468 2743 530 2822 IV,
551 2763 581 2820 a,
593 2743 645 2810 34.
668 2739 894 2829 nedcscseg
917 2753 1088 2806 exaratum
1110 2754 1159 2806 est
1181 2747 1217 2805 in
1237 2743 1365 2822 tabula,
1387 2741 1444 2805 sed
1465 2747 1544 2826 quia
1564 2744 1628 2824 VI,
1646 2764 1677 2822 a,
1693 2746 1733 2811 23
1755 2744 1852 2810 etos.
1870 2762 1961 2825 pur·

190 2855 191 2859 ¹
222 2868 334 2932 dinem
354 2864 514 2946 scriptum
535 2861 673 2947 legitur,
695 2870 735 2923 ut
753 2860 922 2939 1V,s,33.
942 2857 1132 2947 περτινζθς,
1158 2865 1194 2925 in
1214 2863 1276 2924 illa
1296 2864 1477 2947 scriptione
1497 2863 1582 2926 mibi
1603 2873 1753 2927 erratum
1772 2881 1841 2926 esso
1860 2861 1960 2927 vide·

221 2997 290 3065 tur,
312 2992 351 3045 ut
370 2980 433 3059 IV,
445 2979 539 3058 b,32.
561 2980 597 3040 in
618 2963 861 3065 scepticae*
878 2997 940 3063 pro
962 2977 1169 3068 osopltsFe,
1191 2977 1394 3059 Εεστιζαα
1414 3001 1476 3066 pro
1497 2980 1673 3064 Γεστιζαμ,
1693 2978 1867 3071 cudraed
1889 3001 1956 3068 pro

222 3074 376 3187 expected,
408 3096 615 3162 luel-'eursu
640 3115 704 3181 pro
725 3096 877 3164 Iuervo.
919 3095 1016 3163 Ares
1036 3118 1062 3158 s.
1086 3118 1160 3161 απι
1184 3093 1386 3183 capesses
1411 3102 1566 3184 proprie,
1594 3110 1634 3163 ut
1660 3120 1746 3165 mesa
1773 3096 1957 3185 πυρτινζες

221 3221 401 3301 IV‚a,3³.,
426 3223 595 3299 postquam
617 3218 854 3280 consecraveris
874 3217 1055 3304 significan
1087 3214 1283 3290 sedetiam,
1312 3223 1351 3278 ut
1377 3212 1632 3306 pedesseptem
1659 3217 1837 3297 maso,
1859 3237 1958 3301 quun
2042 3292 2046 3300 ¹

221 3338 390 3423 peregeris
408 3336 497 3397 verti
517 3341 642 3415 potest,
665 3334 821 3415 quoniam
841 3336 960 3396 inserti
981 3336 1121 3398 ablativi
1144 3334 1336 3425 tupesclu),
1359 3332 1489 3424 ebrus),
1511 3335 1643 3426 σερεφ,
1663 3333 1706 3399 ad
1724 3334 1957 3401 antecedentia

222 3456 415 3541 respiciunt.
458 3447 556 3531 Quod
577 3468 640 3533 pro
666 3451 821 3530 luderes.
838 3452 988 3539 lauream
1009 3451 1178 3531 1V,b,ts.
1201 3456 1322 3516 Latine
1343 3453 1491 3537 agnabus
1511 3456 1712 3537 scripserim,
1734 3475 1830 3538 nemo
1849 3457 1957 3518 mira-

220 3576 325 3654 bitur,
349 3572 405 3656 qui
424 3567 489 3632 boc
509 3568 632 3655 legerit
652 3565 740 3652 apud
760 3566 966 3653 Sosipatrum
989 3567 1178 3632 charisium
1199 3594 1229 3655 p.
1241 3575 1292 3638 39.
1316 3570 1366 3634 ed.
1379 3556 1530 3639 Putscb.t
1554 3571 1714 3638 »Dativus
1734 3584 1769 3638 et
1788 3556 1955 3638 ablativus

223 3714 303 3780 sper
323 3693 354 3756 is
374 3695 507 3767 exeunt,
528 3696 567 3751 ut
662 3685 799 3752 tabulis:
819 3688 884 3748 nisi
906 3686 995 3770 quod
1014 3708 1250 3773 nonnunquam
1270 3691 1356 3752 ratio
1378 3692 1442 3754 ista
1462 3695 1660 3765 auctoritate
1680 3694 1738 3758 uel
1756 3694 1953 3756 necessitate

222 3811 485 3894 »corrumpiturs
517 3805 626 3871 veluti
656 3827 756 3890 quum
784 3803 910 3869 dicitur
937 3806 989 3872 bis
1009 3806 1129 3871 deabus
1155 3818 1187 3871 et
1209 3807 1387 3872 libertabus
1407 3807 1614 3894 filiabusque:
1646 3809 1737 3894 quod
1763 3810 1953 3893 jurisperiti

223 3931 469 4004 »instituerunt
491 3926 718 4013 ambiguitatis
740 3921 959 3987 secernendae
979 3926 1108 3989 scilicet
1128 3930 1246 4015 gratia,
1280 3929 1322 3990 ob
1344 3948 1442 4010 quam
1462 3931 1567 3992 multa
1588 3927 1721 3993 sordide
1743 3929 1783 3991 ab
1803 3929 1953 3990 auctori·

225 4046 304 4108 »bus
326 4042 415 4106 dicta
433 4041 593 4136 videntur
612 4043 736 4108 habere
756 4045 931 4108 rationem.
972 4042 1127 4128 Namque
1140 4043 1266 4107 Gellius
1287 4046 1323 4106 in
1344 4045 1505 4111 secundos
1526 4047 1806 4132 Decliuemque,
1827 4045 1953 4128 suppti-

223 4183 337 4242 scens,
372 4169 405 4222 et
422 4162 460 4220 in
481 4160 609 4229 eodemt
625 4143 626 4146 Ἴ
640 4163 821 4228 Multitudo
839 4182 1008 4245 puerorum
1022 4168 1091 4246 jam
1112 4174 1183 4227 erat
1206 4185 1246 4228 ex
1267 4165 1441 4246 raptabus3
1475 4177 1509 4230 et
1535 4170 1571 4228 in
1591 4168 1710 4229 tertios
1742 4165 1857 4249 Cupite
1884 4183 1953 4230 cura

223 4283 318 4350 saltis
336 4278 502 4362 paueabus
524 4279 707 4357 consilium
737 4284 827 4344 etin
849 4284 983 4365 quinto:
1005 4279 1199 4361 Puellabus3
1228 4293 1262 4346 et
1281 4286 1317 4346 in
1338 4287 1499 4369 septimo:
1519 4282 1587 4350 Pro
1608 4284 1733 4351 duabus
1751 4283 1950 4368 pudicabues

221 4404 335 4487 siquae,
357 4408 396 4462 ut
417 4397 499 4475 dixi,
521 4417 617 4460 senus
638 4398 832 4463 ostendendi
854 4420 952 4464 causa
972 4398 1261 4487 deiendipossunt.
1303 4402 1348 4466 As
1368 4424 1470 4487 quum
1492 4403 1692 4467 nullacausa
1713 4411 1850 4488 cogente
1869 4399 1952 4484 qnid

221 4523 307 4588 »tale
329 4519 472 4596 dicitur,
504 4527 584 4580 tunc
613 4519 774 4580 nimirum
796 4518 1017 4583 confitendum
1044 4529 1094 4583 est
1120 4519 1161 4582 de
1183 4539 1316 4596 errore,
1345 4531 1384 4584 ut
1410 4521 1498 4584 idem
1518 4519 1647 4585 Gellius
1675 4524 1712 4585 in
1736 4520 1951 4608 nonagesImo

220 4644 395 4729 ssepfimo:
423 4635 599 4717 Portubus,
632 4646 667 4701 et
687 4656 775 4715 mox,
797 4638 937 4713 oleabus,
960 4650 994 4703 et
1014 4641 1150 4702 Plautus
1171 4641 1207 4701 in
1229 4637 1432 4702 Curculione
1454 4638 1516 4720 IV,
1528 4643 1559 4720 2,
1571 4643 1622 4706 It).
1645 4639 1751 4720 bibus,
1772 4649 1806 4703 et
1823 4639 1952 4703 Ennim

223 4761 277 4823 »in
297 4759 523 4843 Protreptico:
546 4753 729 4821 Pannibus=
752 4775 837 4839 quae
859 4755 1002 4822 notanda
1021 4756 1207 4823 videntur«.
1250 4760 1352 4823 Plura
1364 4758 1463 4836 hujus
1484 4761 1616 4846 generis
1628 4760 1776 4844 exempla
1796 4759 1951 4846 proferre

218 4896 365 4963 possem,
387 4874 444 4940 sed
465 4875 529 4939 ista
548 4875 627 4939 satis
647 4876 806 4959 probant,
827 4875 916 4961 apud
936 4880 1088 4962 antiquos
1109 4877 1291 4958 Romanos,
1313 4876 1574 4962 quiescendum
1595 4878 1736 4942 Paulum
1755 4898 1781 4942 s.
1804 4874 1847 4944 v.
1860 4876 1953 4945 callus
