4364 5754
653 1805 1514 1907 Praefatio.

386 2401 597 2527 liubula
620 2451 704 2544 illa,
739 2455 901 2551 quaein
927 2456 1129 2551 superiore
1155 2454 1269 2551 hujus
1295 2456 1426 2551 operis
1450 2454 1640 2552 particula
1664 2479 1686 2526 e
1710 2453 1935 2551 comparatis

222 2607 395 2708 iguvinis
426 2605 566 2681 tabulis
601 2605 822 2696 didicimus,
860 2605 953 2677 licet
984 2629 1107 2702 pauca
1140 2604 1232 2697 sint,
1272 2605 1472 2679 sufficiunt
1504 2615 1632 2677 tamen
1657 2607 1703 2677 ad
1727 2603 1789 2695 id,
1833 2604 1938 2701 quod

221 2787 322 2837 nunc
347 2783 595 2859 aggressurus
620 2782 721 2850 sum,
747 2756 800 2830 ita
825 2754 1186 2855 demonstrandum,
1212 2766 1256 2828 ut
1279 2753 1392 2829 facile
1416 2754 1663 2854 intelligatur.
1715 2751 1815 2829 Sunt
1840 2754 1942 2830 enim

214 2924 444 3016 argumenta
469 2910 718 3007 iguvinarum
748 2904 990 3018 tabularum,
1029 2931 1240 3004 earumque
1263 2906 1495 3005 praecipue,
1521 2932 1683 3006 quarum
1707 2911 1942 3006 comparatio

224 3048 529 3163 disquisitionem
558 3067 728 3133 nostram
761 3056 973 3132 faciliorem
1009 3056 1161 3151 reddit,
1201 3059 1412 3132 summatim
1436 3071 1523 3135 ante
1547 3058 1791 3158 explicanda,
1830 3086 1941 3158 quam

225 3216 373 3316 singula
406 3238 536 3289 earum
567 3210 686 3286 verba
717 3208 966 3308 interpretari
996 3235 1193 3286 conemur.
1253 3210 1369 3293 Quod
1394 3211 1426 3286 si
1451 3236 1528 3285 non
1551 3212 1771 3303 fecerimus,
1810 3212 1943 3287 lunda-

224 3380 350 3446 menta
375 3368 557 3458 deerunt,
592 3363 733 3461 quibus
766 3387 856 3437 vera
882 3361 1149 3459 interpretatio
1174 3362 1339 3456 nitatur,
1370 3361 1496 3462 neq'ue
1521 3361 1648 3438 caveri
1673 3363 1761 3437 satis
1786 3366 1942 3462 poterit,

226 3549 275 3598 ne
305 3523 346 3595 in
378 3532 500 3594 meras
530 3515 800 3591 hariolationes
836 3513 1060 3588 incidamus.
1120 3515 1346 3614 Argumenti
1371 3541 1465 3590 vero
1490 3515 1729 3613 expositione
1753 3543 1830 3591 non
1856 3544 1944 3592 con-

225 3687 349 3749 textus
374 3672 489 3746 modo
515 3681 784 3777 cognoscetur,
811 3642 858 3742 ex
884 3692 961 3765 quo
987 3665 1137 3764 singula
1161 3668 1280 3741 verba
1305 3667 1593 3766 interpretanda
1617 3679 1715 3760 sunt,
1743 3668 1811 3741 sed
1836 3695 1943 3766 prae

226 3826 383 3902 hebitur
407 3825 522 3898 etiam
549 3823 696 3919 optima
720 3818 883 3910 occasio,
910 3819 1047 3892 multas
1073 3843 1144 3912 res,
1171 3843 1332 3915 quarum
1356 3821 1490 3893 notitia
1516 3820 1627 3893 valde
1651 3819 1861 3893 necessaria
1887 3837 1942 3897 est

226 3980 275 4052 ad
308 3977 548 4053 intellectum
586 3997 737 4066 eorum,
775 3995 872 4068 quae
903 3968 944 4042 in
976 3968 1116 4044 tabulis
1141 3969 1357 4069 perscripta
1382 3983 1490 4065 sunt,
1528 3969 1688 4044 uberius
1713 3971 1942 4069 explicandi,

228 4147 271 4206 ut
296 4130 346 4203 de
372 4129 446 4202 diis
472 4124 711 4222 deabusque,
738 4123 877 4220 quibus
903 4145 1007 4196 sacra
1032 4122 1149 4216 fiunt,
1177 4122 1227 4196 de
1251 4122 1514 4197 sacerdotibus
1549 4132 1589 4197 et
1613 4122 1790 4222 gentibus
1816 4127 1942 4224 Iguvi·
2035 4168 2038 4174 ·

227 4308 364 4358 norum
400 4276 639 4377 praecipuis,
678 4275 727 4348 de
745 4262 864 4348 'urbis
900 4272 1069 4370 arcisque
1100 4273 1284 4372 Iguvinae
1321 4274 1554 4370 nominibus,
1593 4276 1643 4351 de
1677 4276 1833 4374 oppidis
1860 4278 1945 4355 Um-

226 4438 356 4527 briae,
382 4429 588 4527 multisque
614 4426 695 4501 aliis
723 4424 850 4516 r'ebus,
877 4448 974 4522 quae
1000 4423 1139 4521 dignae
1164 4438 1270 4519 sunt,
1296 4428 1436 4524 quibus
1463 4453 1620 4526 operam
1645 4438 1812 4503 nostram
1835 4455 1945 4505 nave-

227 4614 320 4662 mus.
372 4585 455 4660 Jam
479 4606 526 4656 er
549 4581 616 4673 iis,
659 4576 821 4677 quaein
845 4574 1013 4648 medium
1041 4577 1207 4674 protuli,
1246 4578 1498 4677 intelligitur,
1541 4579 1728 4654 Romanos
1753 4582 1872 4654 multa
1897 4557 1956 4655 ab*

179 4732 182 4737 ’
230 4740 381 4813 Umbris
421 4733 631 4832 accepisse,
671 4754 768 4829 quae
805 4727 879 4802 viri
913 4704 1019 4802 docti
1057 4727 1172 4802 nimia
1208 4730 1422 4806 temeritate
1459 4731 1631 4807 Etruscis
1670 4732 1945 4827 attribuerunt,
2055 4786 2059 4793 -

229 4892 412 4989 pleraque
444 4900 570 4963 tamen
602 4884 717 4981 hujus
751 4880 921 4980 generis,
954 4891 999 4954 ut
1024 4880 1074 4955 de
1099 4879 1372 4958 sacrificiorum
1398 4883 1538 4960 ritibus
1544 4938 1557 4977 ,
1603 4907 1767 4981 quorum
1790 4886 1947 4983 plurimi
