4364 5754
963 575 1206 639 ..40-

208 764 211 770 ·
222 762 285 829 pro
305 741 452 806 ablativo
473 738 612 824 pluralis
632 739 765 801 numeri
793 735 1023 822 accipiendum
1044 757 1123 817 csse,
1151 707 1190 802 ut
1213 732 1313 824 βερυς
1333 736 1379 818 V,
1388 756 1419 819 a,
1429 740 1493 814 23„
1521 758 1539 802 e
1560 737 1723 827 singulari
1750 731 1805 818 ada
1823 754 1879 800 aaa
1898 733 1946 812 V,
2022 789 2027 800 .

176 896 181 912 =
220 865 293 940 ⁸2⁶·
316 879 378 944 pro
400 855 477 942 adea
496 878 572 923 raca
592 859 637 937 V,
649 857 682 936 b,
694 861 744 922 21.
768 859 990 944 cognoscitur.

384 974 544 1055 Μενξνε
574 973 821 1063 Κερζλασιε
843 976 887 1055 V,
901 997 931 1055 a,
945 978 1006 1054 17,
1034 996 1136 1059 quum
1156 994 1274 1038 macene
1293 974 1428 1040 Flusure
1447 976 1483 1037 iu
1504 972 1627 1038 Sabina
1647 973 1865 1058 inscriptione
1885 991 1949 1057 pro

219 1117 322 1165 mense
341 1095 466 1162 Florali
486 1098 557 1159 sive
578 1090 681 1181 μηνὸς
701 1093 977 1182 Ἀνθεστηριῶνος
998 1097 1142 1178 positum
1164 1113 1232 1156 esse
1253 1092 1419 1185 videatur,
1448 1095 1574 1156 rectius
1595 1095 1734 1155 fortasse
1759 1110 1862 1154 menae
1884 1089 1950 1156 Ju-

220 1221 318 1284 nonio
338 1236 435 1300 quam
454 1217 490 1278 in
518 1211 774 1277 encaeniata·
803 1215 874 1276 sive
899 1215 1041 1285 Quiritin
1068 1215 1222 1279 vertitur.
1266 1210 1365 1275 Certe
1392 1209 1642 1300 Κερζλασιε
1668 1229 1789 1273 nomen
1817 1211 1950 1297 generis

221 1335 400 1400 masculini
421 1353 491 1396 esse
511 1342 609 1416 atque
630 1352 650 1393 a
668 1327 831 1415 Κθρετιες
851 1329 913 1409 Ν,
926 1350 955 1410 a,
967 1335 998 1398 4.
1020 1333 1091 1394 sive
1113 1309 1268 1396 Coredier
1283 1331 1457 1410 v1,a,ta.
1479 1330 1512 1392 h.
1526 1350 1554 1395 e.
1578 1329 1703 1393 Curitis
1724 1330 1860 1391 nomine
1873 1348 1950 1391 cnm

220 1455 327 1519 simili
347 1419 594 1526 terminatione,
617 1451 756 1530 quaein
777 1445 956 1535 πλενασιεῤ
978 1446 1130 1537 adventuo
1157 1447 1219 1528 111,
1231 1469 1261 1526 a,
1272 1450 1301 1511 2.
1326 1458 1360 1512 et
1382 1452 1422 1515 14
1443 1469 1492 1533 sq.
1514 1459 1549 1512 et
1569 1442 1827 1531 rememoranda
1846 1444 1950 1530 edre-

221 1570 322 1657 σιαρυ
342 1552 418 1650 ltu
439 1591 489 1653 sq.
512 1567 718 1646 observatur,
747 1566 924 1630 deductum
947 1564 1088 1629 videtur.
1138 1566 1274 1629 Dicitur
1300 1576 1410 1629 autem
1441 1565 1528 1652 apud
1555 1565 1767 1629 Macrobium
1792 1563 1874 1643 al,
1899 1568 1949 1630 12.

164 1665 165 1670 ¹
224 1692 345 1755 Junius
365 1689 486 1752 mensis
506 1684 669 1753 Junom'os
690 1683 778 1770 apud
798 1687 937 1749 Latinos
958 1695 1034 1748 ante
1054 1687 1219 1748 vocitatus
1241 1703 1320 1762 esse,
1343 1682 1467 1768 diuque
1481 1683 1570 1769 apud
1589 1684 1746 1748 Aricinos
1766 1682 1952 1747 Praenesti·

225 1828 349 1892 nosque
369 1807 431 1871 hac
452 1806 675 1892 appellatione
696 1807 732 1866 in
753 1807 853 1867 fastos
875 1779 1006 1867 relatus.
1049 1804 1139 1865 Hinc
1161 1803 1249 1865 Juno
1272 1801 1360 1887 apud
1381 1801 1539 1866 Ovidium
1559 1803 1593 1865 F.
1615 1801 1677 1881 VI,
1697 1804 1739 1868 59
1759 1822 1828 1884 sqq.
1851 1799 1949 1865 dicit:

467 1923 608 2009 Inspice,
640 1941 721 2006 quos
742 1919 861 1985 habeat
881 1923 1061 1986 nemoralis
1082 1920 1196 1984 Aricia
1216 1923 1329 2001 laetos,

554 2042 596 2103 Et
615 2042 755 2125 populus
775 2042 926 2103 Laurens
948 2041 1201 2124 Lanuviumque
1221 2060 1347 2103 meum:

471 2161 528 2223 Est
548 2161 619 2221 illic
640 2162 761 2221 mensis
781 2157 953 2224 Jnnom'us.
997 2159 1124 2243 Inspice
1145 2159 1254 2222 Tibur

555 2277 596 2340 Et
616 2277 846 2366 Praenestinae
866 2278 997 2340 moenia
1017 2296 1111 2338 sacra
1130 2274 1227 2354 deae,

471 2391 634 2460 Junonate
654 2395 743 2482 leges
764 2405 903 2479 tempus.

228 2513 296 2578 Sed
316 2516 345 2577 si
365 2508 479 2595 μενξνε
499 2510 694 2602 Κθρζλασιε
714 2532 818 2577 mense
837 2513 987 2580 Janona'o
1009 2513 1184 2601 significat,
1205 2515 1316 2577 nescio
1336 2533 1378 2577 an
1398 2514 1512 2594 verba,
1534 2533 1618 2599 qnae
1629 2523 1822 2596 aquantur,
1844 2511 1940 2617 puss‘

224 2631 352 2713 τιζιτ(ε)
374 2633 496 2698 lenta
519 2630 626 2721 φεζηε
646 2630 749 2696 uncle
769 2629 931 2695 vertenda
950 2634 1034 2694 sint:
1067 2631 1191 2696 lortius
1212 2634 1320 2698 dictus
1340 2633 1492 2698 Haedina
1504 2631 1610 2713 ferto,
1632 2631 1704 2697 scil.
1727 2631 1861 2695 catulum
1884 2641 1952 2699 cet.

390 2744 589 2813 Macrobius
605 2749 639 2814 S.
662 2750 689 2830 I,
702 2752 752 2814 12.
783 2749 917 2834 quidem
942 2750 1052 2812 Bonae
1080 2749 1170 2813 Deae
1198 2769 1292 2814 sacra
1312 2751 1406 2830 Maio
1428 2771 1538 2815 mense
1559 2751 1725 2815 celebrata
1746 2751 1857 2827 refert,
1891 2749 1955 2814 sed

100 2887 105 2893 ·
225 2872 261 2932 iu
281 2869 396 2932 multis
417 2869 559 2931 Romani
587 2871 652 2953 ipsi
680 2869 744 2931 sibi
766 2885 833 2931 uon
862 2870 1089 2933 consentiunt:
1132 2889 1229 2952 quam
1258 2872 1346 2932 enim
1372 2869 1498 2948 Maiam
1525 2870 1586 2932 alii
1613 2869 1783 2954 putabant,
1812 2866 1954 2931 eandem

227 2987 321 3050 deam
342 2986 403 3049 alii
423 2987 574 3062 lunonis,
596 2987 656 3047 alii
677 2987 895 3071 Proserpinae
915 2989 1097 3070 potentiam
1118 2986 1251 3066 habere,
1279 3007 1444 3072 porcaque
1465 2991 1498 3051 ei
1518 3008 1589 3051 rem
1610 2987 1758 3051 divinam
1778 2988 1852 3050 lieri
1873 3007 1954 3050 con·

227 3103 416 3170 tenderunt.
460 3102 643 3185 Quodnisi
665 3107 871 3169 contrarium
892 3114 977 3168 esset
997 3107 1049 3170 iis.
1072 3124 1155 3188 quae
1176 3103 1215 3168 de
1236 3104 1377 3168 Hondae
1399 3106 1516 3169 Joviae
1537 3107 1639 3168 sacris
1658 3106 1828 3193 leguntur,
1849 3106 1955 3170 verba

175 3271 181 3277 .
227 3221 516 3306 polenniaco
537 3222 582 3300 V,
594 3243 624 3302 a,
638 3224 689 3288 18.
711 3235 785 3306 post
805 3225 885 3289 Fere
906 3226 1000 3306 quasi
1018 3198 1107 3288 aselle
1127 3224 1245 3287 trellito
1267 3243 1308 3286 ex
1329 3243 1369 3287 eo
1398 3222 1644 3308 interpretanda
1665 3232 1835 3309 putarem,
1863 3222 1954 3308 quod

228 3339 409 3404 secundum
429 3339 643 3403 Macrobium
662 3343 778 3403 vinum
798 3344 834 3403 in
855 3342 1017 3426 templum
1037 3344 1148 3406 Bonae
1169 3342 1258 3406 Deae
1279 3362 1345 3404 non
1366 3361 1426 3405 suo
1447 3345 1580 3405 nomine
1600 3341 1728 3405 solebat
1747 3344 1879 3421 inferri,
1893 3340 1955 3405 sed

228 3477 296 3536 vas,
316 3460 353 3521 in
375 3477 440 3539 quo
461 3460 577 3521 'vinum
597 3456 741 3545 inditum
762 3468 843 3534 erat,
866 3458 1056 3522 mellarium
1078 3471 1112 3524 et
1131 3464 1248 3524 vinum
1268 3462 1321 3523 lac
1342 3460 1602 3546 nuncupabatur.
1645 3461 1776 3541 Quanta
1797 3463 1954 3525 cautione

229 3596 311 3661 opus
331 3577 384 3650 sit,
412 3594 454 3638 ne
474 3574 633 3637 fallamur
657 3575 739 3637 locis
760 3573 847 3660 apud
867 3575 1031 3640 Romanos
1051 3580 1230 3662 scriptores
1257 3577 1432 3657 similibus,
1461 3576 1502 3640 ad
1522 3578 1665 3665 Virgilii
1686 3578 1767 3643 Aen.
1788 3578 1857 3658 4111,
1879 3582 1952 3647 279.

228 3714 362 3757 versum
382 3714 541 3778 provoco,

278 3889 280 3903 Ι
474 3814 739 3897 Lustramurquc
760 3812 851 3893 Jovi,
872 3817 1024 3899 votisque
1046 3811 1250 3877 incendimus
1271 3832 1357 3893 aras,

230 3950 295 4014 quo
316 3930 468 3996 seductus
488 3933 593 3996 verba
613 3933 697 3997 Faus
719 3927 781 4019 πιῤ
802 3951 863 3998 aaa
884 3953 1018 3997 anesca
1039 3932 1082 4011 ΙΙ,
1104 3935 1144 3997 21
1165 3953 1212 4015 sq.
1236 3934 1330 4018 prius
1352 3951 1417 3996 uon
1438 3952 1513 3997 occe
1532 3935 1635 4016 ignem
1655 3937 1691 3998 in
1711 3954 1771 3997 uro
1789 3933 1955 3999 incendite

134 4050 135 4053 ’
230 4048 390 4112 vertenda
409 4061 572 4133 putaram.
615 4048 655 4112 Iu
675 4051 737 4113 illo
759 4060 869 4114 tamen
889 4051 1070 4138 Virgilius,
1099 4049 1187 4134 quod
1208 4053 1244 4112 in
1272 4049 1361 4114 ludis
1380 4051 1544 4136 Apollinis
1568 4053 1658 4115 Aelii
1686 4051 1891 4115 celebrandis
1911 4051 1955 4116 ad

230 4165 550 4250 Jovempraecipue
571 4171 793 4251 expiationem
813 4160 1111 4252 lustrationemque
1132 4172 1267 4248 reserat,
1289 4190 1365 4232 cum
1387 4169 1536 4258 Iguviuis
1557 4169 1677 4232 tabulis
1699 4172 1872 4250 consentit,
1894 4170 1954 4235 ubi

232 4288 321 4349 etin
341 4283 507 4346 Pomonae
528 4287 631 4347 sacris
651 4285 748 4365 11,²2
768 4307 816 4369 sq.
839 4288 922 4354 laFa
942 4288 1057 4376 Πατρε
1076 4306 1193 4376 upana
1213 4307 1371 4369 annana,
1393 4290 1482 4352 etin
1502 4286 1614 4352 Sancii
1635 4290 1775 4373 piaculis
1794 4290 1841 4369 V,
1854 4289 1889 4369 b,
1901 4291 1951 4354 17.

233 4404 316 4471 laFe
336 4399 453 4485 Πατρε
474 4400 682 4491 ebertranno
703 4406 838 4492 legitur.
936 4425 946 4441 ²
