<?xml version="1.0" encoding="UTF-8"?>
<!DOCTYPE html PUBLIC "-//W3C//DTD XHTML 1.0 Transitional//EN"
    "http://www.w3.org/TR/xhtml1/DTD/xhtml1-transitional.dtd">
<html xmlns="http://www.w3.org/1999/xhtml" xml:lang="en" lang="en">
 <head>
  <title>
</title>
<meta http-equiv="Content-Type" content="text/html;charset=utf-8" />
  <meta name='ocr-system' content='tesseract 3.04.00' />
  <meta name='ocr-capabilities' content='ocr_page ocr_carea ocr_par ocr_line ocrx_word'/>
</head>
<body>
  <div class='ocr_page' id='page_1' title='image "./rudimentalingua01grotgoog_0166.png"; bbox 0 0 4364 5754; ppageno 0'>
   <div class='ocr_carea' id='block_1_1' title="bbox 220 709 1957 1390">
    <p class='ocr_par' dir='ltr' id='par_1_1' title="bbox 467 709 1625 795">
     <span class='ocr_line' id='line_1_1' title="bbox 467 709 1625 795; baseline -0.003 -14"><span class='ocrx_word' id='word_1_1' title='bbox 467 709 537 781; x_wconf 82' lang='lat' dir='ltr'><strong>Gur</strong></span> <span class='ocrx_word' id='word_1_2' title='bbox 558 709 735 793; x_wconf 75' lang='lat' dir='ltr'><strong>Cremerae</strong></span> <span class='ocrx_word' id='word_1_3' title='bbox 754 712 791 791; x_wconf 79' lang='lat' dir='ltr'><strong>in</strong></span> <span class='ocrx_word' id='word_1_4' title='bbox 811 712 936 794; x_wconf 76' lang='lat' dir='ltr'><strong>campis</strong></span> <span class='ocrx_word' id='word_1_5' title='bbox 958 713 1086 778; x_wconf 83' lang='lat' dir='ltr'><strong>comice</strong></span> <span class='ocrx_word' id='word_1_6' title='bbox 1105 712 1160 779; x_wconf 83' lang='lat' dir='ltr'><strong>rel</strong></span> <span class='ocrx_word' id='word_1_7' title='bbox 1181 714 1294 777; x_wconf 86' lang='lat' dir='ltr'><strong>oscine</strong></span> <span class='ocrx_word' id='word_1_8' title='bbox 1311 732 1413 795; x_wconf 80' lang='lat' dir='ltr'><strong>parre</strong></span> <span class='ocrx_word' id='word_1_9' title='bbox 1480 754 1484 761; x_wconf 91' lang='lat'><em>-</em></span> <span class='ocrx_word' id='word_1_10' title='bbox 1518 748 1520 751; x_wconf 96' lang='lat'>·</span> <span class='ocrx_word' id='word_1_11' title='bbox 1622 749 1625 755; x_wconf 92' lang='lat'>·</span> 
     </span>
    </p>

    <p class='ocr_par' dir='ltr' id='par_1_2' title="bbox 220 827 1957 1390">
     <span class='ocr_line' id='line_1_2' title="bbox 466 827 1512 915; baseline -0.001 -21"><span class='ocrx_word' id='word_1_12' title='bbox 466 829 575 895; x_wconf 85' lang='lat' dir='ltr'><strong>Nemo</strong></span> <span class='ocrx_word' id='word_1_13' title='bbox 596 827 695 894; x_wconf 80' lang='lat' dir='ltr'><strong>dedra</strong></span> <span class='ocrx_word' id='word_1_14' title='bbox 709 831 847 893; x_wconf 85' lang='lat' dir='ltr'><strong>monuit</strong></span> <span class='ocrx_word' id='word_1_15' title='bbox 866 832 1034 915; x_wconf 86' lang='lat' dir='ltr'><strong>periturns</strong></span> <span class='ocrx_word' id='word_1_16' title='bbox 1053 830 1165 897; x_wconf 87' lang='lat' dir='ltr'><strong>Marte</strong></span> <span class='ocrx_word' id='word_1_17' title='bbox 1186 832 1323 894; x_wconf 83' lang='lat' dir='ltr'><strong>sinistra</strong></span> <span class='ocrx_word' id='word_1_18' title='bbox 1365 864 1373 887; x_wconf 89' lang='lat'><strong>·.</strong></span> <span class='ocrx_word' id='word_1_19' title='bbox 1508 830 1512 847; x_wconf 90' lang='lat'>&#39;</span> 
     </span>
     <span class='ocr_line' id='line_1_3' title="bbox 235 948 1406 1037; baseline 0 -25"><span class='ocrx_word' id='word_1_20' title='bbox 235 1033 238 1037; x_wconf 16' lang='grc' dir='ltr'>ι</span> <span class='ocrx_word' id='word_1_21' title='bbox 436 989 438 993; x_wconf 93' lang='grc'>-</span> <span class='ocrx_word' id='word_1_22' title='bbox 466 949 536 1014; x_wconf 85' lang='lat' dir='ltr'><strong>Ter</strong></span> <span class='ocrx_word' id='word_1_23' title='bbox 557 957 691 1011; x_wconf 86' lang='lat' dir='ltr'><strong>centnm</strong></span> <span class='ocrx_word' id='word_1_24' title='bbox 709 948 838 1031; x_wconf 82' lang='lat' dir='ltr'><strong>Fabios,</strong></span> <span class='ocrx_word' id='word_1_25' title='bbox 859 951 918 1012; x_wconf 86' lang='lat' dir='ltr'><strong>vix</strong></span> <span class='ocrx_word' id='word_1_26' title='bbox 939 953 1044 1035; x_wconf 85' lang='lat' dir='ltr'><strong>stirpe</strong></span> <span class='ocrx_word' id='word_1_27' title='bbox 1063 952 1241 1035; x_wconf 69' lang='lat' dir='ltr'>superstite</span> <span class='ocrx_word' id='word_1_28' title='bbox 1261 953 1298 1013; x_wconf 93' lang='lat' dir='ltr'><strong>in</strong></span> <span class='ocrx_word' id='word_1_29' title='bbox 1317 954 1406 1014; x_wconf 74' lang='lat' dir='ltr'><strong>nno?</strong></span> 
     </span>
     <span class='ocr_line' id='line_1_4' title="bbox 220 1064 1957 1154; baseline 0 -21"><span class='ocrx_word' id='word_1_30' title='bbox 220 1064 504 1154; x_wconf 75' lang='lat' dir='ltr'><strong>Quemadmodum</strong></span> <span class='ocrx_word' id='word_1_31' title='bbox 524 1068 581 1131; x_wconf 88' lang='lat' dir='ltr'><strong>hic</strong></span> <span class='ocrx_word' id='word_1_32' title='bbox 600 1069 736 1133; x_wconf 89' lang='lat' dir='ltr'><strong>cornice</strong></span> <span class='ocrx_word' id='word_1_33' title='bbox 756 1069 812 1131; x_wconf 82' lang='lat' dir='ltr'><strong>vel</strong></span> <span class='ocrx_word' id='word_1_34' title='bbox 840 1070 952 1133; x_wconf 85' lang='lat' dir='ltr'><strong>oscine</strong></span> <span class='ocrx_word' id='word_1_35' title='bbox 972 1090 1073 1153; x_wconf 81' lang='lat' dir='ltr'><strong>parre</strong></span> <span class='ocrx_word' id='word_1_36' title='bbox 1100 1072 1236 1134; x_wconf 80' lang='lat' dir='ltr'><strong>sinistra</strong></span> <span class='ocrx_word' id='word_1_37' title='bbox 1263 1072 1378 1149; x_wconf 83' lang='lat' dir='ltr'><strong>triste,</strong></span> <span class='ocrx_word' id='word_1_38' title='bbox 1410 1070 1459 1131; x_wconf 87' lang='lat' dir='ltr'><strong>sie</strong></span> <span class='ocrx_word' id='word_1_39' title='bbox 1487 1064 1575 1149; x_wconf 88' lang='lat' dir='ltr'><strong>apud</strong></span> <span class='ocrx_word' id='word_1_40' title='bbox 1601 1065 1756 1130; x_wconf 75' lang='lat' dir='ltr'><strong>Plautum</strong></span> <span class='ocrx_word' id='word_1_41' title='bbox 1786 1070 1892 1131; x_wconf 81' lang='lat' dir='ltr'><strong>corvo</strong></span> <span class='ocrx_word' id='word_1_42' title='bbox 1919 1076 1957 1133; x_wconf 82' lang='lat' dir='ltr'><strong>et</strong></span> 
     </span>
     <span class='ocr_line' id='line_1_5' title="bbox 220 1184 1955 1276; baseline -0.001 -25"><span class='ocrx_word' id='word_1_43' title='bbox 220 1209 322 1276; x_wconf 82' lang='lat' dir='ltr'><strong>perra</strong></span> <span class='ocrx_word' id='word_1_44' title='bbox 342 1187 383 1251; x_wconf 82' lang='lat' dir='ltr'><strong>ab</strong></span> <span class='ocrx_word' id='word_1_45' title='bbox 405 1187 539 1250; x_wconf 81' lang='lat' dir='ltr'><strong>dextera</strong></span> <span class='ocrx_word' id='word_1_46' title='bbox 560 1186 684 1249; x_wconf 86' lang='lat' dir='ltr'><strong>laetum</strong></span> <span class='ocrx_word' id='word_1_47' title='bbox 705 1184 804 1249; x_wconf 86' lang='lat' dir='ltr'><strong>detur</strong></span> <span class='ocrx_word' id='word_1_48' title='bbox 824 1189 1019 1275; x_wconf 71' lang='lat' dir='ltr'><strong>angurium,</strong></span> <span class='ocrx_word' id='word_1_49' title='bbox 1048 1188 1315 1271; x_wconf 86' lang='lat' dir='ltr'><strong>Umbrorumque</strong></span> <span class='ocrx_word' id='word_1_50' title='bbox 1336 1185 1481 1276; x_wconf 74' lang='grc' dir='ltr'><em>παρφαμ</em></span> <span class='ocrx_word' id='word_1_51' title='bbox 1500 1187 1634 1268; x_wconf 70' lang='grc' dir='ltr'><em>τεσΡαμ</em></span> <span class='ocrx_word' id='word_1_52' title='bbox 1655 1205 1724 1268; x_wconf 86' lang='lat' dir='ltr'><strong>esse</strong></span> <span class='ocrx_word' id='word_1_53' title='bbox 1745 1186 1855 1250; x_wconf 80' lang='lat' dir='ltr'><strong>Plauti</strong></span> <span class='ocrx_word' id='word_1_54' title='bbox 1873 1206 1955 1270; x_wconf 85' lang='lat' dir='ltr'><strong>par·</strong></span> 
     </span>
     <span class='ocr_line' id='line_1_6' title="bbox 222 1290 1954 1390; baseline -0.001 -19"><span class='ocrx_word' id='word_1_55' title='bbox 222 1329 294 1371; x_wconf 88' lang='lat' dir='ltr'><strong>ram</strong></span> <span class='ocrx_word' id='word_1_56' title='bbox 315 1304 496 1384; x_wconf 87' lang='lat' dir='ltr'><strong>dexteram,</strong></span> <span class='ocrx_word' id='word_1_57' title='bbox 527 1308 563 1366; x_wconf 90' lang='lat' dir='ltr'><strong>in</strong></span> <span class='ocrx_word' id='word_1_58' title='bbox 585 1301 723 1366; x_wconf 90' lang='lat' dir='ltr'><strong>dubium</strong></span> <span class='ocrx_word' id='word_1_59' title='bbox 744 1310 859 1367; x_wconf 84' lang='lat' dir='ltr'><strong>vocari</strong></span> <span class='ocrx_word' id='word_1_60' title='bbox 879 1290 1004 1390; x_wconf 85' lang='lat' dir='ltr'><strong>nequit.</strong></span> <span class='ocrx_word' id='word_1_61' title='bbox 1048 1307 1136 1388; x_wconf 78' lang='lat' dir='ltr'><strong>Quia</strong></span> <span class='ocrx_word' id='word_1_62' title='bbox 1156 1306 1336 1379; x_wconf 84' lang='lat' dir='ltr'><strong>secundnm</strong></span> <span class='ocrx_word' id='word_1_63' title='bbox 1356 1307 1554 1373; x_wconf 74' lang='lat' dir='ltr'><strong>Ciceronem</strong></span> <span class='ocrx_word' id='word_1_64' title='bbox 1580 1303 1621 1369; x_wconf 92' lang='lat' dir='ltr'><strong>de</strong></span> <span class='ocrx_word' id='word_1_65' title='bbox 1641 1303 1709 1370; x_wconf 81' lang='lat' dir='ltr'><strong>dir.</strong></span> <span class='ocrx_word' id='word_1_66' title='bbox 1739 1304 1785 1384; x_wconf 91' lang='lat'><strong>11,</strong></span> <span class='ocrx_word' id='word_1_67' title='bbox 1802 1307 1852 1373; x_wconf 76' lang='lat'><strong>38.</strong></span> <span class='ocrx_word' id='word_1_68' title='bbox 1874 1305 1954 1369; x_wconf 77' lang='lat' dir='ltr'><strong>eliis</strong></span> 
     </span>
    </p>
   </div>
   <div class='ocr_carea' id='block_1_2' title="bbox 221 1422 2063 1520">
    <p class='ocr_par' dir='ltr' id='par_1_3' title="bbox 221 1422 2063 1520">
     <span class='ocr_line' id='line_1_7' title="bbox 221 1422 2063 1520; baseline -0.002 -30"><span class='ocrx_word' id='word_1_69' title='bbox 221 1428 375 1506; x_wconf 86' lang='lat' dir='ltr'><strong>alaeva,</strong></span> <span class='ocrx_word' id='word_1_70' title='bbox 404 1425 480 1486; x_wconf 88' lang='lat' dir='ltr'><strong>aliis</strong></span> <span class='ocrx_word' id='word_1_71' title='bbox 502 1444 522 1487; x_wconf 85' lang='lat' dir='ltr'><strong>a</strong></span> <span class='ocrx_word' id='word_1_72' title='bbox 543 1422 660 1487; x_wconf 83' lang='lat' dir='ltr'><strong>dextre</strong></span> <span class='ocrx_word' id='word_1_73' title='bbox 680 1422 791 1487; x_wconf 90' lang='lat' dir='ltr'><strong>datum</strong></span> <span class='ocrx_word' id='word_1_74' title='bbox 813 1435 862 1489; x_wconf 84' lang='lat' dir='ltr'><strong>est</strong></span> <span class='ocrx_word' id='word_1_75' title='bbox 883 1427 1016 1504; x_wconf 87' lang='lat' dir='ltr'><strong>avibus,</strong></span> <span class='ocrx_word' id='word_1_76' title='bbox 1046 1436 1215 1520; x_wconf 83' lang='lat' dir='ltr'><strong>atratum</strong></span> <span class='ocrx_word' id='word_1_77' title='bbox 1236 1428 1419 1512; x_wconf 77' lang='lat' dir='ltr'><strong>auspicium</strong></span> <span class='ocrx_word' id='word_1_78' title='bbox 1444 1427 1554 1489; x_wconf 83' lang='lat' dir='ltr'><strong>iacere</strong></span> <span class='ocrx_word' id='word_1_79' title='bbox 1575 1428 1719 1510; x_wconf 88' lang='lat' dir='ltr'><strong>possint,</strong></span> <span class='ocrx_word' id='word_1_80' title='bbox 1746 1426 1783 1487; x_wconf 89' lang='lat' dir='ltr'><strong>in</strong></span> <span class='ocrx_word' id='word_1_81' title='bbox 1802 1423 1954 1512; x_wconf 70' lang='lat' dir='ltr'><strong>Iguvinis</strong></span> <span class='ocrx_word' id='word_1_82' title='bbox 2061 1513 2063 1517; x_wconf 10' lang='lat' dir='ltr'>y</span> 
     </span>
    </p>
   </div>
   <div class='ocr_carea' id='block_1_3' title="bbox 221 1525 1955 1629">
    <p class='ocr_par' dir='ltr' id='par_1_4' title="bbox 221 1525 1955 1629">
     <span class='ocr_line' id='line_1_8' title="bbox 221 1525 1955 1629; baseline -0.003 -18"><span class='ocrx_word' id='word_1_83' title='bbox 221 1547 355 1624; x_wconf 84' lang='lat' dir='ltr'><strong>tabulis,</strong></span> <span class='ocrx_word' id='word_1_84' title='bbox 377 1554 417 1606; x_wconf 88' lang='lat' dir='ltr'><strong>ut</strong></span> <span class='ocrx_word' id='word_1_85' title='bbox 437 1541 524 1629; x_wconf 90' lang='lat' dir='ltr'><strong>apud</strong></span> <span class='ocrx_word' id='word_1_86' title='bbox 536 1542 701 1622; x_wconf 85' lang='lat' dir='ltr'><strong>Plautum,</strong></span> <span class='ocrx_word' id='word_1_87' title='bbox 723 1541 807 1621; x_wconf 86' lang='lat' dir='ltr'><strong>duae</strong></span> <span class='ocrx_word' id='word_1_88' title='bbox 828 1562 904 1610; x_wconf 83' lang='lat' dir='ltr'><strong>aves</strong></span> <span class='ocrx_word' id='word_1_89' title='bbox 920 1544 1066 1623; x_wconf 76' lang='lat' dir='ltr'><strong>dextrae,</strong></span> <span class='ocrx_word' id='word_1_90' title='bbox 1088 1525 1298 1608; x_wconf 54' lang='lat' dir='ltr'><strong>duae’laevae</strong></span> <span class='ocrx_word' id='word_1_91' title='bbox 1311 1555 1486 1624; x_wconf 83' lang='lat' dir='ltr'><strong>vocantur,</strong></span> <span class='ocrx_word' id='word_1_92' title='bbox 1506 1547 1569 1608; x_wconf 87' lang='lat' dir='ltr'><strong>etsi</strong></span> <span class='ocrx_word' id='word_1_93' title='bbox 1582 1547 1619 1607; x_wconf 87' lang='lat' dir='ltr'><strong>in</strong></span> <span class='ocrx_word' id='word_1_94' title='bbox 1631 1543 1820 1607; x_wconf 88' lang='lat' dir='ltr'><strong>nominibus</strong></span> <span class='ocrx_word' id='word_1_95' title='bbox 1840 1544 1955 1607; x_wconf 85' lang='lat' dir='ltr'><strong>svium</strong></span> 
     </span>
    </p>
   </div>
   <div class='ocr_carea' id='block_1_4' title="bbox 221 1660 1998 1750">
    <p class='ocr_par' dir='ltr' id='par_1_5' title="bbox 221 1660 1998 1750">
     <span class='ocr_line' id='line_1_9' title="bbox 221 1660 1998 1750; baseline -0.002 -21"><span class='ocrx_word' id='word_1_96' title='bbox 221 1663 411 1748; x_wconf 80' lang='lat' dir='ltr'><strong>differentia</strong></span> <span class='ocrx_word' id='word_1_97' title='bbox 438 1660 595 1745; x_wconf 76' lang='lat' dir='ltr'><strong>quaedam</strong></span> <span class='ocrx_word' id='word_1_98' title='bbox 622 1667 827 1750; x_wconf 72' lang='lat' dir='ltr'><strong>agnoscitur.</strong></span> <span class='ocrx_word' id='word_1_99' title='bbox 868 1663 978 1750; x_wconf 87' lang='lat' dir='ltr'><strong>Supra</strong></span> <span class='ocrx_word' id='word_1_100' title='bbox 1008 1663 1142 1748; x_wconf 81' lang='lat' dir='ltr'><strong>quidem</strong></span> <span class='ocrx_word' id='word_1_101' title='bbox 1172 1662 1322 1728; x_wconf 86' lang='lat' dir='ltr'><strong>dextram</strong></span> <span class='ocrx_word' id='word_1_102' title='bbox 1352 1684 1488 1726; x_wconf 86' lang='lat' dir='ltr'><strong>manum</strong></span> <span class='ocrx_word' id='word_1_103' title='bbox 1516 1661 1604 1749; x_wconf 90' lang='lat' dir='ltr'><strong>apud</strong></span> <span class='ocrx_word' id='word_1_104' title='bbox 1631 1662 1775 1726; x_wconf 83' lang='lat' dir='ltr'><strong>Umbros</strong></span> <span class='ocrx_word' id='word_1_105' title='bbox 1802 1662 1955 1741; x_wconf 79' lang='lat' dir='ltr'><strong>destruet,</strong></span> <span class='ocrx_word' id='word_1_106' title='bbox 1992 1675 1998 1686; x_wconf 86' lang='lat'><strong>·</strong></span> 
     </span>
    </p>
   </div>
   <div class='ocr_carea' id='block_1_5' title="bbox 9 1741 1958 1869">
    <p class='ocr_par' dir='ltr' id='par_1_6' title="bbox 9 1741 1958 1869">
     <span class='ocr_line' id='line_1_10' title="bbox 9 1741 1958 1869; baseline -0.004 -17"><span class='ocrx_word' id='word_1_107' title='bbox 9 1847 18 1867; x_wconf 86' lang='lat'><strong>,</strong></span> <span class='ocrx_word' id='word_1_108' title='bbox 48 1741 55 1750; x_wconf 27' lang='grc' dir='ltr'>ι</span> <span class='ocrx_word' id='word_1_109' title='bbox 115 1788 119 1795; x_wconf 76' lang='grc'><strong><em>’</em></strong></span> <span class='ocrx_word' id='word_1_110' title='bbox 221 1803 289 1849; x_wconf 89' lang='lat' dir='ltr'><strong>non</strong></span> <span class='ocrx_word' id='word_1_111' title='bbox 312 1783 452 1848; x_wconf 84' lang='lat' dir='ltr'><strong>dersvam</strong></span> <span class='ocrx_word' id='word_1_112' title='bbox 472 1783 645 1848; x_wconf 68' lang='lat' dir='ltr'><strong>adernam</strong></span> <span class='ocrx_word' id='word_1_113' title='bbox 673 1783 820 1860; x_wconf 78' lang='lat' dir='ltr'><strong>(taisbwo</strong></span> <span class='ocrx_word' id='word_1_114' title='bbox 842 1782 930 1869; x_wconf 88' lang='lat' dir='ltr'><strong>apud</strong></span> <span class='ocrx_word' id='word_1_115' title='bbox 950 1783 1114 1862; x_wconf 80' lang='lat' dir='ltr'><strong>Uibium),</strong></span> <span class='ocrx_word' id='word_1_116' title='bbox 1144 1786 1312 1847; x_wconf 89' lang='lat' dir='ltr'><strong>sinistram</strong></span> <span class='ocrx_word' id='word_1_117' title='bbox 1337 1792 1494 1862; x_wconf 80' lang='lat' dir='ltr'><strong>aertresr,</strong></span> <span class='ocrx_word' id='word_1_118' title='bbox 1522 1800 1589 1845; x_wconf 91' lang='lat' dir='ltr'><strong>non</strong></span> <span class='ocrx_word' id='word_1_119' title='bbox 1614 1791 1777 1860; x_wconf 75' lang='lat' dir='ltr'><strong>metatore,</strong></span> <span class='ocrx_word' id='word_1_120' title='bbox 1806 1780 1958 1866; x_wconf 84' lang='lat' dir='ltr'><strong>appella·</strong></span> 
     </span>
    </p>
   </div>
   <div class='ocr_carea' id='block_1_6' title="bbox 174 1897 1965 4714">
    <p class='ocr_par' dir='ltr' id='par_1_7' title="bbox 174 1897 1965 4714">
     <span class='ocr_line' id='line_1_11' title="bbox 222 1897 1957 1989; baseline -0.005 -19"><span class='ocrx_word' id='word_1_121' title='bbox 222 1913 292 1971; x_wconf 84' lang='lat' dir='ltr'><strong>tam</strong></span> <span class='ocrx_word' id='word_1_122' title='bbox 310 1899 473 1978; x_wconf 80' lang='lat' dir='ltr'><strong>vidimus3</strong></span> <span class='ocrx_word' id='word_1_123' title='bbox 495 1899 554 1964; x_wconf 87' lang='lat' dir='ltr'><strong>sed</strong></span> <span class='ocrx_word' id='word_1_124' title='bbox 573 1900 693 1964; x_wconf 86' lang='lat' dir='ltr'><strong>Umbri</strong></span> <span class='ocrx_word' id='word_1_125' title='bbox 720 1899 810 1965; x_wconf 87' lang='lat' dir='ltr'><strong>inter</strong></span> <span class='ocrx_word' id='word_1_126' title='bbox 830 1903 971 1967; x_wconf 85' lang='lat' dir='ltr'><strong>derscum</strong></span> <span class='ocrx_word' id='word_1_127' title='bbox 993 1913 1027 1966; x_wconf 91' lang='lat' dir='ltr'><strong>et</strong></span> <span class='ocrx_word' id='word_1_128' title='bbox 1046 1904 1192 1989; x_wconf 72' lang='lat' dir='ltr'><strong>deseram,</strong></span> <span class='ocrx_word' id='word_1_129' title='bbox 1213 1905 1365 1986; x_wconf 85' lang='lat' dir='ltr'><strong>interque</strong></span> <span class='ocrx_word' id='word_1_130' title='bbox 1385 1913 1528 1967; x_wconf 62' lang='lat' dir='ltr'><strong>mnaseas</strong></span> <span class='ocrx_word' id='word_1_131' title='bbox 1549 1912 1584 1965; x_wconf 87' lang='lat' dir='ltr'><strong>at</strong></span> <span class='ocrx_word' id='word_1_132' title='bbox 1602 1910 1742 1965; x_wconf 73' lang='lat' dir='ltr'><strong>aerarum</strong></span> <span class='ocrx_word' id='word_1_133' title='bbox 1762 1901 1811 1964; x_wconf 87' lang='lat' dir='ltr'><strong>sic</strong></span> <span class='ocrx_word' id='word_1_134' title='bbox 1832 1897 1957 1963; x_wconf 83' lang='lat' dir='ltr'><strong>distin·</strong></span> 
     </span>
     <span class='ocr_line' id='line_1_12' title="bbox 221 1995 1961 2110; baseline -0.002 -23"><span class='ocrx_word' id='word_1_135' title='bbox 221 1995 308 2087; x_wconf 76' lang='lat' dir='ltr'><strong>risse</strong></span> <span class='ocrx_word' id='word_1_136' title='bbox 338 2017 509 2099; x_wconf 78' lang='lat' dir='ltr'><strong>ridentur,</strong></span> <span class='ocrx_word' id='word_1_137' title='bbox 539 2029 578 2083; x_wconf 88' lang='lat' dir='ltr'><strong>ut</strong></span> <span class='ocrx_word' id='word_1_138' title='bbox 609 2018 730 2081; x_wconf 88' lang='lat' dir='ltr'><strong>Graeci</strong></span> <span class='ocrx_word' id='word_1_139' title='bbox 763 2023 894 2103; x_wconf 80' lang='lat' dir='ltr'><strong>antiqui</strong></span> <span class='ocrx_word' id='word_1_140' title='bbox 924 2024 1014 2085; x_wconf 90' lang='lat' dir='ltr'><strong>inter</strong></span> <span class='ocrx_word' id='word_1_141' title='bbox 1035 2017 1142 2100; x_wconf 78' lang='grc' dir='ltr'><strong><em>δεξιὰν</em></strong></span> <span class='ocrx_word' id='word_1_142' title='bbox 1163 2032 1261 2106; x_wconf 80' lang='lat' dir='ltr'><strong>atque</strong></span> <span class='ocrx_word' id='word_1_143' title='bbox 1283 2017 1456 2110; x_wconf 78' lang='grc' dir='ltr'><strong><em>δεξιτερὸν,</em></strong></span> <span class='ocrx_word' id='word_1_144' title='bbox 1484 2022 1636 2104; x_wconf 85' lang='lat' dir='ltr'><strong>interque</strong></span> <span class='ocrx_word' id='word_1_145' title='bbox 1665 2016 1761 2085; x_wconf 75' lang='grc' dir='ltr'><strong><em>λαιὸν</em></strong></span> <span class='ocrx_word' id='word_1_146' title='bbox 1787 2041 1815 2082; x_wconf 89' lang='lat' dir='ltr'><strong>s.</strong></span> <span class='ocrx_word' id='word_1_147' title='bbox 1842 2012 1961 2084; x_wconf 76' lang='lat' dir='ltr'><strong>mede</strong></span> 
     </span>
     <span class='ocr_line' id='line_1_13' title="bbox 223 2130 1959 2227; baseline -0.001 -25"><span class='ocrx_word' id='word_1_148' title='bbox 223 2149 324 2223; x_wconf 76' lang='lat' dir='ltr'><strong>stqne</strong></span> <span class='ocrx_word' id='word_1_149' title='bbox 344 2130 528 2226; x_wconf 77' lang='grc' dir='ltr'><strong><em>ἀριστερὸν,</em></strong></span> <span class='ocrx_word' id='word_1_150' title='bbox 551 2158 654 2220; x_wconf 85' lang='lat' dir='ltr'><strong>quum</strong></span> <span class='ocrx_word' id='word_1_151' title='bbox 674 2136 762 2222; x_wconf 85' lang='lat' dir='ltr'><strong>apud</strong></span> <span class='ocrx_word' id='word_1_152' title='bbox 783 2138 969 2201; x_wconf 86' lang='lat' dir='ltr'><strong>Homerum</strong></span> <span class='ocrx_word' id='word_1_153' title='bbox 991 2137 1324 2223; x_wconf 81' lang='lat' dir='ltr'><strong>Od.XX1V,311sq.</strong></span> <span class='ocrx_word' id='word_1_154' title='bbox 1347 2135 1381 2205; x_wconf 80' lang='lat' dir='ltr'><strong>ci</strong></span> <span class='ocrx_word' id='word_1_155' title='bbox 1401 2136 1521 2205; x_wconf 68' lang='grc' dir='ltr'><strong><em>ἐσθλοὶ</em></strong></span> <span class='ocrx_word' id='word_1_156' title='bbox 1540 2135 1675 2227; x_wconf 75' lang='grc' dir='ltr'><strong><em>ὄρνιθες</em></strong></span> <span class='ocrx_word' id='word_1_157' title='bbox 1694 2158 1762 2202; x_wconf 86' lang='lat' dir='ltr'><strong>nen</strong></span> <span class='ocrx_word' id='word_1_158' title='bbox 1782 2131 1959 2221; x_wconf 74' lang='grc' dir='ltr'><strong>διξιτεροὶ,</strong></span> 
     </span>
     <span class='ocr_line' id='line_1_14' title="bbox 224 2238 1773 2337; baseline 0.002 -15"><span class='ocrx_word' id='word_1_159' title='bbox 224 2256 282 2322; x_wconf 64' lang='lat' dir='ltr'><strong>„a</strong></span> <span class='ocrx_word' id='word_1_160' title='bbox 303 2252 408 2335; x_wconf 63' lang='lat' dir='ltr'><strong>sertor</strong></span> <span class='ocrx_word' id='word_1_161' title='bbox 426 2266 602 2334; x_wconf 69' lang='lat' dir='ltr'><strong>vocentur,</strong></span> <span class='ocrx_word' id='word_1_162' title='bbox 620 2238 665 2319; x_wconf 77' lang='lat' dir='ltr'><strong>‘cr</strong></span> <span class='ocrx_word' id='word_1_163' title='bbox 689 2256 734 2321; x_wconf 83' lang='lat' dir='ltr'><strong>n.</strong></span> <span class='ocrx_word' id='word_1_164' title='bbox 757 2256 1054 2337; x_wconf 62' lang='lat' dir='ltr'><strong>manasen.</strong></span> <span class='ocrx_word' id='word_1_165' title='bbox 1069 2259 1141 2325; x_wconf 79' lang='lat' dir='ltr'><strong>aro.</strong></span> <span class='ocrx_word' id='word_1_166' title='bbox 1164 2257 1225 2323; x_wconf 80' lang='lat' dir='ltr'><strong>oa.</strong></span> <span class='ocrx_word' id='word_1_167' title='bbox 1248 2256 1326 2336; x_wconf 87' lang='lat' dir='ltr'><strong>xv,</strong></span> <span class='ocrx_word' id='word_1_168' title='bbox 1340 2262 1406 2325; x_wconf 85' lang='lat'><strong>160.</strong></span> <span class='ocrx_word' id='word_1_169' title='bbox 1420 2260 1659 2325; x_wconf 67' lang='lat' dir='ltr'><strong>recursans.</strong></span> <span class='ocrx_word' id='word_1_170' title='bbox 1767 2268 1773 2279; x_wconf 59' lang='lat'><em>¹</em></span> 
     </span>
     <span class='ocr_line' id='line_1_15' title="bbox 189 2365 1959 2460; baseline -0.005 -17"><span class='ocrx_word' id='word_1_171' title='bbox 189 2390 195 2404; x_wconf 86' lang='lat'>&#39;</span> <span class='ocrx_word' id='word_1_172' title='bbox 305 2422 308 2429; x_wconf 65' lang='lat'><strong>,</strong></span> <span class='ocrx_word' id='word_1_173' title='bbox 391 2377 440 2442; x_wconf 81' lang='lat'><strong>17.</strong></span> <span class='ocrx_word' id='word_1_174' title='bbox 484 2365 691 2440; x_wconf 78' lang='lat' dir='ltr'><strong>Graecorum</strong></span> <span class='ocrx_word' id='word_1_175' title='bbox 712 2395 855 2459; x_wconf 80' lang='lat' dir='ltr'><strong>augures</strong></span> <span class='ocrx_word' id='word_1_176' title='bbox 875 2378 1139 2460; x_wconf 73' lang='lat' dir='ltr'><strong>septentrionem</strong></span> <span class='ocrx_word' id='word_1_177' title='bbox 1155 2395 1271 2438; x_wconf 84' lang='lat' dir='ltr'><strong>versus</strong></span> <span class='ocrx_word' id='word_1_178' title='bbox 1292 2386 1466 2460; x_wconf 82' lang='lat' dir='ltr'><strong>spectasse,</strong></span> <span class='ocrx_word' id='word_1_179' title='bbox 1489 2394 1531 2437; x_wconf 87' lang='lat' dir='ltr'><strong>ex</strong></span> <span class='ocrx_word' id='word_1_180' title='bbox 1547 2375 1652 2440; x_wconf 81' lang='lat' dir='ltr'><strong>Hem.</strong></span> <span class='ocrx_word' id='word_1_181' title='bbox 1674 2375 1720 2440; x_wconf 71' lang='grc' dir='ltr'><strong>Β.</strong></span> <span class='ocrx_word' id='word_1_182' title='bbox 1742 2372 1820 2453; x_wconf 85' lang='lat' dir='ltr'>XII,</span> <span class='ocrx_word' id='word_1_183' title='bbox 1834 2377 1959 2457; x_wconf 57' lang='grc' dir='ltr'><strong>Ἀθη.</strong></span> 
     </span>
     <span class='ocr_line' id='line_1_16' title="bbox 223 2490 1962 2587; baseline -0.003 -28"><span class='ocrx_word' id='word_1_184' title='bbox 223 2494 463 2582; x_wconf 77' lang='lat' dir='ltr'><strong>intelligimus3</strong></span> <span class='ocrx_word' id='word_1_185' title='bbox 496 2490 553 2556; x_wconf 87' lang='lat' dir='ltr'><strong>sed</strong></span> <span class='ocrx_word' id='word_1_186' title='bbox 574 2492 758 2587; x_wconf 85' lang='lat' dir='ltr'><strong>Romanum</strong></span> <span class='ocrx_word' id='word_1_187' title='bbox 785 2513 947 2581; x_wconf 78' lang='lat' dir='ltr'><strong>augurem</strong></span> <span class='ocrx_word' id='word_1_188' title='bbox 969 2493 1087 2558; x_wconf 85' lang='lat' dir='ltr'><strong>Cicera</strong></span> <span class='ocrx_word' id='word_1_189' title='bbox 1110 2493 1151 2557; x_wconf 90' lang='lat' dir='ltr'><strong>de</strong></span> <span class='ocrx_word' id='word_1_190' title='bbox 1171 2494 1240 2561; x_wconf 85' lang='lat' dir='ltr'><strong>dir.</strong></span> <span class='ocrx_word' id='word_1_191' title='bbox 1266 2493 1294 2574; x_wconf 93' lang='lat'><strong>1,</strong></span> <span class='ocrx_word' id='word_1_192' title='bbox 1317 2498 1366 2560; x_wconf 81' lang='grc'><strong>17.</strong></span> <span class='ocrx_word' id='word_1_193' title='bbox 1389 2493 1431 2556; x_wconf 86' lang='lat' dir='ltr'><strong>ad</strong></span> <span class='ocrx_word' id='word_1_194' title='bbox 1459 2493 1634 2558; x_wconf 86' lang='lat' dir='ltr'><strong>meridiem</strong></span> <span class='ocrx_word' id='word_1_195' title='bbox 1656 2501 1855 2580; x_wconf 76' lang='lat' dir='ltr'><strong>spectantem</strong></span> <span class='ocrx_word' id='word_1_196' title='bbox 1876 2510 1962 2554; x_wconf 82' lang='lat' dir='ltr'><strong>con·</strong></span> 
     </span>
     <span class='ocr_line' id='line_1_17' title="bbox 223 2593 1963 2698; baseline -0.001 -21"><span class='ocrx_word' id='word_1_197' title='bbox 223 2593 454 2677; x_wconf 64' lang='lat' dir='ltr'><strong>maneant</strong></span> <span class='ocrx_word' id='word_1_198' title='bbox 482 2611 581 2674; x_wconf 48' lang='lat' dir='ltr'><strong>nanc,</strong></span> <span class='ocrx_word' id='word_1_199' title='bbox 595 2608 684 2675; x_wconf 72' lang='lat' dir='ltr'><strong>seem</strong></span> <span class='ocrx_word' id='word_1_200' title='bbox 705 2610 746 2675; x_wconf 75' lang='lat' dir='ltr'><strong>ds</strong></span> <span class='ocrx_word' id='word_1_201' title='bbox 758 2609 835 2675; x_wconf 76' lang='lat' dir='ltr'><strong>aiv.</strong></span> <span class='ocrx_word' id='word_1_202' title='bbox 859 2611 905 2691; x_wconf 84' lang='lat'><strong>11,</strong></span> <span class='ocrx_word' id='word_1_203' title='bbox 916 2617 967 2679; x_wconf 84' lang='lat' dir='ltr'><strong>es.</strong></span> <span class='ocrx_word' id='word_1_204' title='bbox 983 2613 1049 2676; x_wconf 73' lang='lat' dir='ltr'><strong>aa</strong></span> <span class='ocrx_word' id='word_1_205' title='bbox 1069 2613 1145 2677; x_wconf 74' lang='lat' dir='ltr'><strong>stru</strong></span> <span class='ocrx_word' id='word_1_206' title='bbox 1163 2615 1302 2677; x_wconf 40' lang='lat' dir='ltr'><strong>&gt;sunaus</strong></span> <span class='ocrx_word' id='word_1_207' title='bbox 1322 2615 1424 2676; x_wconf 73' lang='lat' dir='ltr'><strong>suase</strong></span> <span class='ocrx_word' id='word_1_208' title='bbox 1444 2615 1589 2698; x_wconf 63' lang='lat' dir='ltr'><strong>scupea,</strong></span> <span class='ocrx_word' id='word_1_209' title='bbox 1610 2622 1650 2677; x_wconf 81' lang='lat' dir='ltr'><strong>ut</strong></span> <span class='ocrx_word' id='word_1_210' title='bbox 1670 2609 1828 2697; x_wconf 56' lang='lat' dir='ltr'><strong>msam</strong></span> <span class='ocrx_word' id='word_1_211' title='bbox 1849 2621 1963 2675; x_wconf 69' lang='lat' dir='ltr'><strong>esent</strong></span> 
     </span>
     <span class='ocr_line' id='line_1_18' title="bbox 224 2705 1575 2813; baseline 0 -19"><span class='ocrx_word' id='word_1_212' title='bbox 224 2717 329 2795; x_wconf 83' lang='lat' dir='ltr'><strong>stiam</strong></span> <span class='ocrx_word' id='word_1_213' title='bbox 347 2731 532 2795; x_wconf 82' lang='lat' dir='ltr'><strong>contrarie:</strong></span> <span class='ocrx_word' id='word_1_214' title='bbox 555 2731 626 2813; x_wconf 89' lang='lat' dir='ltr'><strong>ipse</strong></span> <span class='ocrx_word' id='word_1_215' title='bbox 647 2728 781 2795; x_wconf 71' lang='lat' dir='ltr'><strong>Plautus</strong></span> <span class='ocrx_word' id='word_1_216' title='bbox 801 2729 914 2804; x_wconf 74' lang='lat' dir='ltr'><strong>Aulul.</strong></span> <span class='ocrx_word' id='word_1_217' title='bbox 938 2730 1002 2810; x_wconf 83' lang='lat' dir='ltr'><strong>IV,</strong></span> <span class='ocrx_word' id='word_1_218' title='bbox 1012 2735 1042 2798; x_wconf 84' lang='grc'><strong>3.</strong></span> <span class='ocrx_word' id='word_1_219' title='bbox 1064 2732 1131 2794; x_wconf 87' lang='lat' dir='ltr'><strong>sibi</strong></span> <span class='ocrx_word' id='word_1_220' title='bbox 1152 2731 1356 2806; x_wconf 82' lang='lat' dir='ltr'><strong>contradicit</strong></span> <span class='ocrx_word' id='word_1_221' title='bbox 1374 2705 1575 2794; x_wconf 61' lang='lat' dir='ltr'><strong>scribendos&gt;</strong></span> 
     </span>
     <span class='ocr_line' id='line_1_19' title="bbox 469 2845 1672 2930; baseline 0.001 -20"><span class='ocrx_word' id='word_1_222' title='bbox 469 2845 547 2910; x_wconf 91' lang='lat' dir='ltr'><strong>Non</strong></span> <span class='ocrx_word' id='word_1_223' title='bbox 569 2855 694 2911; x_wconf 87' lang='lat' dir='ltr'><strong>temere</strong></span> <span class='ocrx_word' id='word_1_224' title='bbox 715 2858 776 2926; x_wconf 90' lang='lat' dir='ltr'><strong>est,</strong></span> <span class='ocrx_word' id='word_1_225' title='bbox 791 2846 887 2930; x_wconf 75' lang='lat' dir='ltr'><strong>qnod</strong></span> <span class='ocrx_word' id='word_1_226' title='bbox 910 2869 1024 2913; x_wconf 80' lang='lat' dir='ltr'><strong>cornus</strong></span> <span class='ocrx_word' id='word_1_227' title='bbox 1045 2860 1154 2915; x_wconf 71' lang='lat' dir='ltr'><strong>canuc</strong></span> <span class='ocrx_word' id='word_1_228' title='bbox 1174 2850 1259 2914; x_wconf 87' lang='lat' dir='ltr'><strong>mibi</strong></span> <span class='ocrx_word' id='word_1_229' title='bbox 1279 2871 1368 2914; x_wconf 87' lang='lat' dir='ltr'><strong>nunc</strong></span> <span class='ocrx_word' id='word_1_230' title='bbox 1389 2851 1431 2915; x_wconf 84' lang='lat' dir='ltr'><strong>ab</strong></span> <span class='ocrx_word' id='word_1_231' title='bbox 1452 2852 1543 2915; x_wconf 79' lang='lat' dir='ltr'><strong>Irene</strong></span> <span class='ocrx_word' id='word_1_232' title='bbox 1561 2870 1672 2915; x_wconf 76' lang='lat' dir='ltr'><strong>mn:</strong></span> 
     </span>
     <span class='ocr_line' id='line_1_20' title="bbox 454 2946 1480 3049; baseline 0.007 -23"><span class='ocrx_word' id='word_1_233' title='bbox 454 2946 584 3026; x_wconf 80' lang='lat' dir='ltr'><strong>&#39;Semel</strong></span> <span class='ocrx_word' id='word_1_234' title='bbox 605 2961 742 3026; x_wconf 88' lang='lat' dir='ltr'><strong>redebet</strong></span> <span class='ocrx_word' id='word_1_235' title='bbox 762 2963 900 3049; x_wconf 89' lang='lat' dir='ltr'><strong>pedibus</strong></span> <span class='ocrx_word' id='word_1_236' title='bbox 921 2976 1059 3046; x_wconf 83' lang='lat' dir='ltr'><strong>terrem,</strong></span> <span class='ocrx_word' id='word_1_237' title='bbox 1083 2977 1221 3030; x_wconf 80' lang='lat' dir='ltr'><strong>atroce</strong></span> <span class='ocrx_word' id='word_1_238' title='bbox 1242 2968 1392 3033; x_wconf 85' lang='lat' dir='ltr'><strong>crcc&#39;ibst</strong></span> <span class='ocrx_word' id='word_1_239' title='bbox 1411 2991 1480 3033; x_wconf 88' lang='lat' dir='ltr'><strong>sus.</strong></span> 
     </span>
     <span class='ocr_line' id='line_1_21' title="bbox 475 3071 1456 3168; baseline 0.005 -23"><span class='ocrx_word' id='word_1_240' title='bbox 475 3079 641 3146; x_wconf 75' lang='lat' dir='ltr'><strong>Contimo</strong></span> <span class='ocrx_word' id='word_1_241' title='bbox 662 3071 774 3145; x_wconf 84' lang='lat' dir='ltr'><strong>meum</strong></span> <span class='ocrx_word' id='word_1_242' title='bbox 794 3081 859 3145; x_wconf 86' lang='lat' dir='ltr'><strong>cor&#39;</strong></span> <span class='ocrx_word' id='word_1_243' title='bbox 876 3086 988 3168; x_wconf 86' lang='lat' dir='ltr'><strong>coepit</strong></span> <span class='ocrx_word' id='word_1_244' title='bbox 1007 3095 1114 3149; x_wconf 88' lang='lat' dir='ltr'><strong>artam</strong></span> <span class='ocrx_word' id='word_1_245' title='bbox 1134 3088 1245 3148; x_wconf 83' lang='lat' dir='ltr'><strong>iacere</strong></span> <span class='ocrx_word' id='word_1_246' title='bbox 1266 3085 1456 3150; x_wconf 73' lang='lat' dir='ltr'><strong>ludicram</strong></span> 
     </span>
     <span class='ocr_line' id='line_1_22' title="bbox 225 3197 1962 3289; baseline 0.004 -24"><span class='ocrx_word' id='word_1_247' title='bbox 225 3199 305 3265; x_wconf 90' lang='lat' dir='ltr'><strong>Non</strong></span> <span class='ocrx_word' id='word_1_248' title='bbox 325 3200 432 3288; x_wconf 72' lang='lat' dir='ltr'><strong>igitur</strong></span> <span class='ocrx_word' id='word_1_249' title='bbox 451 3198 641 3263; x_wconf 85' lang='lat' dir='ltr'><strong>mirandum</strong></span> <span class='ocrx_word' id='word_1_250' title='bbox 662 3209 724 3279; x_wconf 88' lang='lat' dir='ltr'><strong>est,</strong></span> <span class='ocrx_word' id='word_1_251' title='bbox 753 3197 844 3283; x_wconf 80' lang='lat' dir='ltr'><strong>qnod</strong></span> <span class='ocrx_word' id='word_1_252' title='bbox 872 3202 909 3263; x_wconf 91' lang='lat' dir='ltr'><strong>in</strong></span> <span class='ocrx_word' id='word_1_253' title='bbox 929 3200 1080 3288; x_wconf 78' lang='lat' dir='ltr'><strong>Iguvinis</strong></span> <span class='ocrx_word' id='word_1_254' title='bbox 1105 3203 1230 3267; x_wconf 77' lang='lat' dir='ltr'><strong>tabulis</strong></span> <span class='ocrx_word' id='word_1_255' title='bbox 1246 3204 1359 3287; x_wconf 72' lang='lat' dir='ltr'><strong>persa,</strong></span> <span class='ocrx_word' id='word_1_256' title='bbox 1387 3226 1531 3281; x_wconf 82' lang='lat' dir='ltr'><strong>camare,</strong></span> <span class='ocrx_word' id='word_1_257' title='bbox 1561 3207 1690 3280; x_wconf 69' lang='lat' dir='ltr'><strong>dermr</strong></span> <span class='ocrx_word' id='word_1_258' title='bbox 1718 3206 1829 3289; x_wconf 69' lang='lat' dir='ltr'><strong>peius,</strong></span> <span class='ocrx_word' id='word_1_259' title='bbox 1853 3205 1962 3286; x_wconf 72' lang='lat' dir='ltr'><strong>price,</strong></span> 
     </span>
     <span class='ocr_line' id='line_1_23' title="bbox 226 3317 1965 3408; baseline 0.005 -27"><span class='ocrx_word' id='word_1_260' title='bbox 226 3328 355 3396; x_wconf 81' lang='lat' dir='ltr'><strong>mereto,</strong></span> <span class='ocrx_word' id='word_1_261' title='bbox 377 3319 501 3380; x_wconf 85' lang='lat' dir='ltr'><strong>laetum</strong></span> <span class='ocrx_word' id='word_1_262' title='bbox 522 3321 582 3381; x_wconf 83' lang='lat' dir='ltr'><strong>fiat</strong></span> <span class='ocrx_word' id='word_1_263' title='bbox 603 3320 793 3405; x_wconf 80' lang='lat' dir='ltr'><strong>angurium,</strong></span> <span class='ocrx_word' id='word_1_264' title='bbox 816 3317 904 3403; x_wconf 87' lang='lat' dir='ltr'><strong>apud</strong></span> <span class='ocrx_word' id='word_1_265' title='bbox 924 3318 1078 3384; x_wconf 85' lang='lat' dir='ltr'><strong>Plautum</strong></span> <span class='ocrx_word' id='word_1_266' title='bbox 1100 3330 1218 3384; x_wconf 72' lang='lat' dir='ltr'><strong>conus</strong></span> <span class='ocrx_word' id='word_1_267' title='bbox 1238 3323 1273 3383; x_wconf 91' lang='lat' dir='ltr'><strong>in</strong></span> <span class='ocrx_word' id='word_1_268' title='bbox 1294 3322 1448 3388; x_wconf 78' lang='lat' dir='ltr'><strong>Asinaria</strong></span> <span class='ocrx_word' id='word_1_269' title='bbox 1467 3324 1616 3390; x_wconf 80' lang='lat' dir='ltr'><strong>dicatnrs</strong></span> <span class='ocrx_word' id='word_1_270' title='bbox 1645 3317 1750 3408; x_wconf 74' lang='lat' dir='ltr'><strong>picae,</strong></span> <span class='ocrx_word' id='word_1_271' title='bbox 1776 3325 1890 3390; x_wconf 70' lang='lat' dir='ltr'><strong>comte</strong></span> <span class='ocrx_word' id='word_1_272' title='bbox 1909 3335 1965 3390; x_wconf 83' lang='lat' dir='ltr'><strong>est</strong></span> 
     </span>
     <span class='ocr_line' id='line_1_24' title="bbox 204 3434 1961 3524; baseline 0.004 -25"><span class='ocrx_word' id='word_1_273' title='bbox 204 3435 271 3503; x_wconf 58' lang='lat' dir='ltr'><strong>,ed</strong></span> <span class='ocrx_word' id='word_1_274' title='bbox 292 3436 401 3514; x_wconf 65' lang='lat' dir='ltr'><strong>laevor</strong></span> <span class='ocrx_word' id='word_1_275' title='bbox 424 3455 546 3510; x_wconf 76' lang='lat' dir='ltr'><strong>corvos,</strong></span> <span class='ocrx_word' id='word_1_276' title='bbox 565 3456 667 3518; x_wconf 82' lang='lat' dir='ltr'><strong>perra</strong></span> <span class='ocrx_word' id='word_1_277' title='bbox 688 3434 729 3500; x_wconf 80' lang='lat' dir='ltr'><strong>ab</strong></span> <span class='ocrx_word' id='word_1_278' title='bbox 751 3435 897 3501; x_wconf 76' lang='lat' dir='ltr'><strong>dexterae</strong></span> <span class='ocrx_word' id='word_1_279' title='bbox 936 3437 1007 3498; x_wconf 84' lang='lat' dir='ltr'><strong>Etsi</strong></span> <span class='ocrx_word' id='word_1_280' title='bbox 1028 3442 1117 3503; x_wconf 89' lang='lat' dir='ltr'><strong>enim</strong></span> <span class='ocrx_word' id='word_1_281' title='bbox 1139 3438 1258 3503; x_wconf 82' lang='lat' dir='ltr'><strong>Cicero</strong></span> <span class='ocrx_word' id='word_1_282' title='bbox 1280 3438 1320 3504; x_wconf 94' lang='lat' dir='ltr'><strong>de</strong></span> <span class='ocrx_word' id='word_1_283' title='bbox 1341 3441 1408 3506; x_wconf 85' lang='lat' dir='ltr'><strong>dir.</strong></span> <span class='ocrx_word' id='word_1_284' title='bbox 1432 3443 1460 3519; x_wconf 91' lang='lat'><strong>1,</strong></span> <span class='ocrx_word' id='word_1_285' title='bbox 1470 3447 1523 3511; x_wconf 79' lang='grc'><strong>39.</strong></span> <span class='ocrx_word' id='word_1_286' title='bbox 1547 3463 1624 3506; x_wconf 89' lang='lat' dir='ltr'><strong>cnm</strong></span> <span class='ocrx_word' id='word_1_287' title='bbox 1644 3443 1761 3508; x_wconf 80' lang='lat' dir='ltr'><strong>Plauto</strong></span> <span class='ocrx_word' id='word_1_288' title='bbox 1782 3445 1961 3524; x_wconf 86' lang='lat' dir='ltr'><strong>consentit,</strong></span> 
     </span>
     <span class='ocr_line' id='line_1_25' title="bbox 174 3538 1961 3640; baseline 0.005 -21"><span class='ocrx_word' id='word_1_289' title='bbox 174 3554 180 3567; x_wconf 88' lang='lat'>&#39;</span> <span class='ocrx_word' id='word_1_290' title='bbox 227 3552 434 3640; x_wconf 78' lang='lat' dir='ltr'><strong>quaerendo:</strong></span> <span class='ocrx_word' id='word_1_291' title='bbox 458 3574 520 3618; x_wconf 89' lang='lat' dir='ltr'><strong>cur</strong></span> <span class='ocrx_word' id='word_1_292' title='bbox 540 3575 563 3616; x_wconf 89' lang='lat' dir='ltr'><strong>a</strong></span> <span class='ocrx_word' id='word_1_293' title='bbox 580 3551 699 3620; x_wconf 83' lang='lat' dir='ltr'><strong>dextre</strong></span> <span class='ocrx_word' id='word_1_294' title='bbox 720 3572 844 3628; x_wconf 81' lang='lat' dir='ltr'><strong>carues,</strong></span> <span class='ocrx_word' id='word_1_295' title='bbox 866 3573 886 3616; x_wconf 84' lang='lat' dir='ltr'><strong>a</strong></span> <span class='ocrx_word' id='word_1_296' title='bbox 905 3554 1042 3618; x_wconf 91' lang='lat' dir='ltr'><strong>sinistra</strong></span> <span class='ocrx_word' id='word_1_297' title='bbox 1062 3559 1177 3620; x_wconf 76' lang='lat' dir='ltr'><strong>remia</strong></span> <span class='ocrx_word' id='word_1_298' title='bbox 1196 3560 1297 3622; x_wconf 78' lang='lat' dir='ltr'><strong>iaciat</strong></span> <span class='ocrx_word' id='word_1_299' title='bbox 1317 3567 1450 3623; x_wconf 76' lang='lat' dir='ltr'><strong>ratum?</strong></span> <span class='ocrx_word' id='word_1_300' title='bbox 1470 3563 1635 3627; x_wconf 88' lang='lat' dir='ltr'><strong>Horatius</strong></span> <span class='ocrx_word' id='word_1_301' title='bbox 1653 3574 1764 3627; x_wconf 83' lang='lat' dir='ltr'><strong>tamen</strong></span> <span class='ocrx_word' id='word_1_302' title='bbox 1784 3538 1896 3639; x_wconf 46' lang='lat' dir='ltr'><strong>CsIII,</strong></span> <span class='ocrx_word' id='word_1_303' title='bbox 1907 3563 1961 3630; x_wconf 77' lang='grc'><strong>27.</strong></span> 
     </span>
     <span class='ocr_line' id='line_1_26' title="bbox 228 3662 1962 3767; baseline 0.003 -28"><span class='ocrx_word' id='word_1_304' title='bbox 228 3662 265 3739; x_wconf 81' lang='lat' dir='ltr'><strong>in</strong></span> <span class='ocrx_word' id='word_1_305' title='bbox 285 3675 346 3741; x_wconf 87' lang='lat' dir='ltr'><strong>ilia</strong></span> <span class='ocrx_word' id='word_1_306' title='bbox 366 3676 525 3754; x_wconf 79' lang='lat' dir='ltr'><strong>earmina,</strong></span> <span class='ocrx_word' id='word_1_307' title='bbox 546 3679 642 3757; x_wconf 76' lang='lat' dir='ltr'><strong>anJ‘ns</strong></span> <span class='ocrx_word' id='word_1_308' title='bbox 663 3672 798 3736; x_wconf 88' lang='lat' dir='ltr'><strong>initium</strong></span> <span class='ocrx_word' id='word_1_309' title='bbox 818 3680 882 3735; x_wconf 72' lang='lat' dir='ltr'><strong>est:</strong></span> <span class='ocrx_word' id='word_1_310' title='bbox 908 3671 1050 3757; x_wconf 76' lang='lat' dir='ltr'><strong>»Impius</strong></span> <span class='ocrx_word' id='word_1_311' title='bbox 1067 3694 1187 3757; x_wconf 83' lang='lat' dir='ltr'><strong>parrae</strong></span> <span class='ocrx_word' id='word_1_312' title='bbox 1206 3679 1386 3742; x_wconf 73' lang='lat' dir='ltr'><strong>recinentia</strong></span> <span class='ocrx_word' id='word_1_313' title='bbox 1408 3700 1504 3744; x_wconf 88' lang='lat' dir='ltr'><strong>omen</strong></span> <span class='ocrx_word' id='word_1_314' title='bbox 1516 3680 1691 3763; x_wconf 76' lang='lat' dir='ltr'><strong>ducat«,r.</strong></span> <span class='ocrx_word' id='word_1_315' title='bbox 1703 3686 1802 3767; x_wconf 69' lang='lat' dir='ltr'><strong>bsqq·</strong></span> <span class='ocrx_word' id='word_1_316' title='bbox 1816 3683 1962 3745; x_wconf 73' lang='lat' dir='ltr'><strong>coemite</strong></span> 
     </span>
     <span class='ocr_line' id='line_1_27' title="bbox 680 3789 1312 3879; baseline 0.005 -25"><span class='ocrx_word' id='word_1_317' title='bbox 680 3789 868 3874; x_wconf 80' lang='lat' dir='ltr'><strong>Antequam</strong></span> <span class='ocrx_word' id='word_1_318' title='bbox 887 3793 1004 3854; x_wconf 87' lang='lat' dir='ltr'><strong>stantis</strong></span> <span class='ocrx_word' id='word_1_319' title='bbox 1025 3803 1155 3877; x_wconf 81' lang='lat' dir='ltr'><strong>repetet</strong></span> <span class='ocrx_word' id='word_1_320' title='bbox 1175 3793 1312 3879; x_wconf 76' lang='lat' dir='ltr'><strong>paludes</strong></span> 
     </span>
     <span class='ocr_line' id='line_1_28' title="bbox 662 3900 1494 3997; baseline 0.01 -24"><span class='ocrx_word' id='word_1_321' title='bbox 662 3909 844 3982; x_wconf 78' lang='lat' dir='ltr'><strong>‚Imbrium</strong></span> <span class='ocrx_word' id='word_1_322' title='bbox 865 3908 981 3974; x_wconf 82' lang='lat' dir='ltr'><strong>divina</strong></span> <span class='ocrx_word' id='word_1_323' title='bbox 999 3900 1072 3976; x_wconf 77' lang='lat' dir='ltr'><strong>sris</strong></span> <span class='ocrx_word' id='word_1_324' title='bbox 1091 3912 1234 3994; x_wconf 75' lang='lat' dir='ltr'><strong>(cornia)</strong></span> <span class='ocrx_word' id='word_1_325' title='bbox 1255 3917 1494 3997; x_wconf 86' lang='lat' dir='ltr'><strong>imminentem,</strong></span> 
     </span>
     <span class='ocr_line' id='line_1_29' title="bbox 681 4027 1288 4115; baseline 0.008 -22"><span class='ocrx_word' id='word_1_326' title='bbox 681 4027 836 4094; x_wconf 84' lang='lat' dir='ltr'><strong>Oscinem</strong></span> <span class='ocrx_word' id='word_1_327' title='bbox 858 4040 989 4095; x_wconf 74' lang='lat' dir='ltr'><strong>comos</strong></span> <span class='ocrx_word' id='word_1_328' title='bbox 1003 4049 1102 4115; x_wconf 85' lang='lat' dir='ltr'><strong>prece</strong></span> <span class='ocrx_word' id='word_1_329' title='bbox 1122 4033 1288 4098; x_wconf 82' lang='lat' dir='ltr'><strong>suscitabo</strong></span> 
     </span>
     <span class='ocr_line' id='line_1_30' title="bbox 806 4145 1067 4216; baseline 0.023 -6"><span class='ocrx_word' id='word_1_330' title='bbox 806 4145 898 4210; x_wconf 87' lang='lat' dir='ltr'><strong>Solis</strong></span> <span class='ocrx_word' id='word_1_331' title='bbox 917 4149 958 4214; x_wconf 85' lang='lat' dir='ltr'><strong>ab</strong></span> <span class='ocrx_word' id='word_1_332' title='bbox 980 4159 1067 4216; x_wconf 81' lang='lat' dir='ltr'><strong>ortu</strong></span> 
     </span>
     <span class='ocr_line' id='line_1_31' title="bbox 680 4242 1310 4354; baseline 0.01 -26"><span class='ocrx_word' id='word_1_333' title='bbox 680 4263 734 4328; x_wconf 88' lang='lat' dir='ltr'><strong>Sis</strong></span> <span class='ocrx_word' id='word_1_334' title='bbox 755 4266 837 4329; x_wconf 87' lang='lat' dir='ltr'><strong>licet</strong></span> <span class='ocrx_word' id='word_1_335' title='bbox 856 4267 950 4347; x_wconf 81' lang='lat' dir='ltr'><strong>felix,</strong></span> <span class='ocrx_word' id='word_1_336' title='bbox 972 4267 1174 4354; x_wconf 79' lang='lat' dir='ltr'><strong>ubicumque</strong></span> <span class='ocrx_word' id='word_1_337' title='bbox 1193 4242 1310 4351; x_wconf 77' lang='lat' dir='ltr'><strong>maris,</strong></span> 
     </span>
     <span class='ocr_line' id='line_1_32' title="bbox 682 4384 1315 4467; baseline 0.006 -21"><span class='ocrx_word' id='word_1_338' title='bbox 682 4384 725 4446; x_wconf 82' lang='lat' dir='ltr'><strong>Et</strong></span> <span class='ocrx_word' id='word_1_339' title='bbox 745 4404 876 4449; x_wconf 87' lang='lat' dir='ltr'><strong>memor</strong></span> <span class='ocrx_word' id='word_1_340' title='bbox 894 4390 1012 4467; x_wconf 64' lang='lat' dir='ltr'><strong>nomm,</strong></span> <span class='ocrx_word' id='word_1_341' title='bbox 1035 4386 1182 4467; x_wconf 85' lang='lat' dir='ltr'><strong>Galatea,</strong></span> <span class='ocrx_word' id='word_1_342' title='bbox 1203 4390 1315 4453; x_wconf 77' lang='lat' dir='ltr'><strong>vives:</strong></span> 
     </span>
     <span class='ocr_line' id='line_1_33' title="bbox 665 4499 1325 4590; baseline 0.023 -31"><span class='ocrx_word' id='word_1_343' title='bbox 665 4550 668 4558; x_wconf 92' lang='lat'>.</span> <span class='ocrx_word' id='word_1_344' title='bbox 684 4499 799 4586; x_wconf 80' lang='lat' dir='ltr'><strong>Teque</strong></span> <span class='ocrx_word' id='word_1_345' title='bbox 820 4525 881 4567; x_wconf 88' lang='lat' dir='ltr'><strong>nec</strong></span> <span class='ocrx_word' id='word_1_346' title='bbox 901 4506 1016 4570; x_wconf 80' lang='lat' dir='ltr'><strong>lse&#39;vns</strong></span> <span class='ocrx_word' id='word_1_347' title='bbox 1035 4517 1128 4571; x_wconf 76' lang='lat' dir='ltr'><strong>vetet</strong></span> <span class='ocrx_word' id='word_1_348' title='bbox 1148 4508 1200 4571; x_wconf 87' lang='lat' dir='ltr'><strong>ire</strong></span> <span class='ocrx_word' id='word_1_349' title='bbox 1218 4510 1325 4590; x_wconf 78' lang='lat' dir='ltr'><strong>picea,</strong></span> 
     </span>
     <span class='ocr_line' id='line_1_34' title="bbox 808 4621 1131 4714; baseline 0.025 -30"><span class='ocrx_word' id='word_1_350' title='bbox 808 4621 882 4686; x_wconf 87' lang='lat' dir='ltr'><strong>Nec</strong></span> <span class='ocrx_word' id='word_1_351' title='bbox 902 4644 988 4714; x_wconf 69' lang='lat' dir='ltr'><strong>vaga</strong></span> <span class='ocrx_word' id='word_1_352' title='bbox 1008 4629 1131 4694; x_wconf 77' lang='lat' dir='ltr'><strong>cornix.</strong></span> 
     </span>
    </p>
   </div>
   <div class='ocr_carea' id='block_1_7' title="bbox 31 4711 1966 4834">
    <p class='ocr_par' dir='ltr' id='par_1_8' title="bbox 31 4711 1966 4834">
     <span class='ocr_line' id='line_1_35' title="bbox 31 4711 1966 4834; baseline 0.01 -39"><span class='ocrx_word' id='word_1_353' title='bbox 31 4711 32 4716; x_wconf 6' lang='grc' dir='ltr'>ἵ</span> <span class='ocrx_word' id='word_1_354' title='bbox 110 4805 112 4810; x_wconf 49' lang='grc'>,</span> <span class='ocrx_word' id='word_1_355' title='bbox 233 4734 286 4797; x_wconf 87' lang='lat' dir='ltr'><strong>Ibi</strong></span> <span class='ocrx_word' id='word_1_356' title='bbox 306 4735 420 4799; x_wconf 88' lang='lat' dir='ltr'><strong>laevus</strong></span> <span class='ocrx_word' id='word_1_357' title='bbox 441 4737 536 4818; x_wconf 86' lang='lat' dir='ltr'><strong>piens</strong></span> <span class='ocrx_word' id='word_1_358' title='bbox 558 4755 635 4799; x_wconf 91' lang='lat' dir='ltr'><strong>cum</strong></span> <span class='ocrx_word' id='word_1_359' title='bbox 655 4757 740 4826; x_wconf 63' lang='lat' dir='ltr'><strong>rege</strong></span> <span class='ocrx_word' id='word_1_360' title='bbox 760 4743 894 4807; x_wconf 83' lang='lat' dir='ltr'><strong>cornice</strong></span> <span class='ocrx_word' id='word_1_361' title='bbox 914 4747 1012 4810; x_wconf 82' lang='lat' dir='ltr'><strong>triste</strong></span> <span class='ocrx_word' id='word_1_362' title='bbox 1031 4748 1115 4810; x_wconf 80' lang='lat' dir='ltr'><strong>fecit</strong></span> <span class='ocrx_word' id='word_1_363' title='bbox 1128 4748 1317 4834; x_wconf 71' lang='lat' dir='ltr'><strong>augurium,</strong></span> <span class='ocrx_word' id='word_1_364' title='bbox 1339 4764 1437 4810; x_wconf 87' lang='lat' dir='ltr'><strong>oscen</strong></span> <span class='ocrx_word' id='word_1_365' title='bbox 1458 4764 1671 4823; x_wconf 83' lang='lat' dir='ltr'><strong>corvmvsre</strong></span> <span class='ocrx_word' id='word_1_366' title='bbox 1691 4749 1966 4816; x_wconf 86' lang='lat' dir='ltr'><strong>suscitatursolis</strong></span> 
     </span>
    </p>
   </div>
   <div class='ocr_carea' id='block_1_8' title="bbox 233 4852 1967 4954">
    <p class='ocr_par' dir='ltr' id='par_1_9' title="bbox 233 4852 1967 4954">
     <span class='ocr_line' id='line_1_36' title="bbox 233 4852 1967 4954; baseline 0.011 -37"><span class='ocrx_word' id='word_1_367' title='bbox 233 4852 276 4917; x_wconf 85' lang='lat' dir='ltr'><strong>ab</strong></span> <span class='ocrx_word' id='word_1_368' title='bbox 297 4865 391 4936; x_wconf 87' lang='lat' dir='ltr'><strong>artu,</strong></span> <span class='ocrx_word' id='word_1_369' title='bbox 419 4852 452 4920; x_wconf 91' lang='lat' dir='ltr'><strong>b.</strong></span> <span class='ocrx_word' id='word_1_370' title='bbox 474 4874 504 4922; x_wconf 89' lang='lat' dir='ltr'><strong>e.</strong></span> <span class='ocrx_word' id='word_1_371' title='bbox 524 4873 545 4920; x_wconf 87' lang='lat' dir='ltr'><strong>s</strong></span> <span class='ocrx_word' id='word_1_372' title='bbox 565 4864 661 4942; x_wconf 85' lang='lat' dir='ltr'><strong>parta</strong></span> <span class='ocrx_word' id='word_1_373' title='bbox 681 4858 817 4925; x_wconf 85' lang='lat' dir='ltr'><strong>sinistre</strong></span> <span class='ocrx_word' id='word_1_374' title='bbox 836 4865 985 4951; x_wconf 71' lang='lat' dir='ltr'><strong>auguris,</strong></span> <span class='ocrx_word' id='word_1_375' title='bbox 1026 4864 1252 4931; x_wconf 79' lang='lat' dir='ltr'><strong>Romanorum</strong></span> <span class='ocrx_word' id='word_1_376' title='bbox 1271 4884 1366 4935; x_wconf 85' lang='lat' dir='ltr'><strong>more</strong></span> <span class='ocrx_word' id='word_1_377' title='bbox 1385 4863 1562 4932; x_wconf 87' lang='lat' dir='ltr'><strong>meridiem</strong></span> <span class='ocrx_word' id='word_1_378' title='bbox 1586 4871 1783 4954; x_wconf 80' lang='lat' dir='ltr'><strong>spectantis,</strong></span> <span class='ocrx_word' id='word_1_379' title='bbox 1809 4880 1849 4936; x_wconf 89' lang='lat' dir='ltr'><strong>ut</strong></span> <span class='ocrx_word' id='word_1_380' title='bbox 1868 4872 1967 4936; x_wconf 81' lang='lat' dir='ltr'><strong>tr&#39;nts</strong></span> 
     </span>
    </p>
   </div>
   <div class='ocr_carea' id='block_1_9' title="bbox 0 0 2200 5754">
    <p class='ocr_par' dir='ltr' id='par_1_10' title="bbox 0 0 2200 5754">
     <span class='ocr_line' id='line_1_37' title="bbox 0 0 2200 5754; baseline 0 0"><span class='ocrx_word' id='word_1_381' title='bbox 0 0 2200 5754; x_wconf 95' lang='lat' dir='ltr'><strong> </strong></span> 
     </span>
    </p>
   </div>
  </div>
 </body>
</html>
