4364 5754
812 703 1521 840 Epimetrum„

446 977 555 1059 Quum
583 975 669 1038 mihi
699 985 812 1039 errata
840 974 1001 1059 quaedam
1033 956 1274 1065 typographica
1302 972 1478 1039 indicanda
1504 980 1586 1056 sint,
1620 980 1702 1064 quia
1718 995 1793 1065 pag.
1814 980 1847 1056 9,
1868 997 1902 1041 v.
1925 980 1979 1044 11.
2003 995 2027 1040 a

218 1108 223 1116 ’
280 1097 613 1182 inepraesersim
634 1114 697 1178 pro
718 1082 994 1180 praesertim,
1027 1095 1573 1180 pag.12‚v.11afineansro
1601 1113 1663 1178 pro
1685 1113 1837 1170 επετε,
1867 1114 1942 1184 pag.
1967 1097 2026 1176 14,

280 1242 313 1284 v.
339 1222 377 1284 16
397 1238 418 1279 a
437 1217 502 1277 fine
523 1210 750 1300 abteganda
770 1230 833 1295 pro
854 1209 1089 1298 ableganda
1109 1214 1197 1296 typis
1219 1231 1410 1306 expressum
1431 1223 1497 1290 est,
1527 1214 1640 1275 locum
1660 1194 1834 1277 Plutarchi
1853 1212 1894 1296 Q.
1914 1212 1957 1276 Β.
1977 1211 2027 1276 de

282 1322 403 1402 Genita
423 1327 570 1410 Manis‚i
589 1350 688 1414 quem
708 1348 780 1415 pag.
806 1331 855 1408 15,
877 1351 910 1391 v.
935 1333 975 1393 10
997 1328 1036 1390 ab
1058 1330 1157 1391 initio
1179 1328 1331 1423 laudavi,
1364 1334 1400 1393 in
1431 1332 1626 1419 vulgaribus
1647 1330 1850 1395 editionibus
1872 1351 1942 1417 cap.
1964 1332 2023 1398 52.

184 1450 187 1459 '
282 1458 351 1542 legi
371 1470 507 1529 moneo,
539 1449 704 1532 simulque
724 1445 816 1508 aliud
837 1458 1011 1532 peccatum
1041 1448 1221 1533 profiteor,
1255 1447 1344 1531 quod
1363 1445 1593 1538 Γενετείρᾳ
1624 1469 1688 1535 pro
1709 1443 1888 1536 Γενείτῃ
1908 1467 2028 1512 emen·

283 1571 429 1638 dandum
461 1567 540 1631 dixi.
594 1567 660 1630 Pro
691 1568 834 1630 veritate
865 1569 955 1629 enim
987 1566 1142 1629 lectionis
1162 1561 1337 1653 Γενείτῃ
1363 1560 1484 1654 Μάνῃ
1515 1578 1640 1655 pugnat
1670 1569 1763 1631 locus
1782 1568 1886 1630 Plinii
1905 1566 1952 1630 tt
1975 1563 2024 1630 N.

282 1688 412 1766 XXIX,
436 1690 475 1752 14
489 1688 546 1762 (l).
591 1683 794 1764 „Genitae
812 1683 963 1746 Manae
985 1685 1097 1746 catulo
1119 1704 1172 1746 res
1195 1683 1309 1747 divina
1330 1685 1405 1763 fit,“
1427 1687 1485 1748 nbi
1507 1674 1568 1747 alii
1589 1682 1885 1769 quidemGenito
1906 1702 2028 1746 mane

286 1811 458 1897 legerunt,
489 1802 564 1882 sed,
596 1800 774 1864 Harduino
796 1811 895 1881 testo,
929 1812 1045 1864 contra
1066 1801 1219 1865 codicum
1240 1804 1551 1888 probatissimorum
1571 1803 1679 1867 fidem.
1735 1803 1829 1866 Haec
1850 1800 1911 1864 dea
1931 1819 2029 1864 men·

284 1929 386 1992 suuis
417 1924 618 1986 feminamm
648 1921 831 2003 praefuisse
864 1917 1007 1999 dicitnr,
1041 1941 1140 2003 quam
1165 1920 1327 2011 Menam
1358 1922 1504 2004 appellat
1525 1921 1729 2010 Augustinus
1760 1919 1797 1983 C.
1820 1918 1862 1982 D.
1888 1917 2027 1999 1V‚11·.

285 2044 366 2122 Vll,
388 2046 433 2121 2.,
455 2035 654 2120 eandemque
675 2035 870 2099 Harduinus
892 2057 960 2099 esse
981 2037 1167 2101 arbitratur
1186 2038 1389 2119 Maniam,
1411 2050 1552 2102 matrem
1572 2040 1701 2102 Larum
1721 2031 1903 2102 secundum
1919 2035 2029 2102 Varr.

286 2165 328 2225 L.
351 2162 392 2225 L.
415 2156 477 2237 IX,
500 2156 528 2240 ᾗ.
550 2160 611 2221 61.Δ
625 2155 702 2218 coll.
723 2153 858 2216 Arnob.-
871 2151 944 2216 adv.
968 2164 1057 2241 gent.
1071 2153 1133 2232 111,
1148 2156 1213 2233 41„
1237 2157 1291 2215 cni
1313 2157 1406 2236 olim,
1428 2167 1466 2219 ut
1486 2155 1637 2219 Macrob.
1661 2157 1694 2223 S.
1719 2161 1749 2236 1,
1771 2160 1802 2221 t.
1826 2143 1940 2234 retest,
1961 2173 2031 2239 pro

288 2278 493 2343 familiarum
514 2275 670 2358 sospitate
691 2273 789 2355 pueri
810 2270 1049 2333 mactabantur.
1106 2269 1173 2333 Sed
1194 2269 1334 2335 Genitae
1354 2272 1476 2337 Manae
1497 2276 1636 2337 Romani
1657 2294 1719 2360 pro
1741 2275 1800 2352 iis,
1831 2292 1914 2357 quae
1933 2270 2031 2335 domi

288 2404 518 2472 nascerentur,
552 2409 667 2453 oenem
697 2388 933 2464 immolabant,
965 2406 1032 2471 quo
1063 2387 1244 2452 secundum
1263 2388 1480 2453 Plutarchum
1508 2393 1547 2474 Q.
1571 2392 1608 2453 R.
1631 2394 1682 2460 68.
1715 2393 1751 2453 in
1781 2391 1923 2477 piaculis
1955 2392 2032 2453 fere

288 2533 416 2580 omnes-
431 2512 485 2574 usi
516 2519 594 2571 sunt
621 2507 758 2570 Graeci:
792 2505 936 2568 Laribus
967 2505 1184 2568 Praestitibus
1216 2517 1326 2570 autem
1356 2508 1537 2571 secundum
1556 2507 1774 2573 Plutarchum
1794 2507 1832 2590 Q.
1856 2508 1894 2571 lt.
1917 2510 1969 2575 51.
1994 2517 2034 2572 et

288 2631 386 2698 Ouid.
408 2632 442 2694 F.
464 2627 510 2707 V,
534 2630 604 2694 137.
638 2627 728 2687 canis
756 2642 823 2684 non
844 2633 913 2686 tam
934 2619 1154 2703 offerebatur,
1187 2645 1285 2707 quam
1312 2627 1448 2690 astabat.
1491 2625 1667 2690 Praeterea
1687 2626 1789 2689 Mena
1807 2623 1987 2710 Augustini
2010 2643 2034 2685 a

288 2750 418 2815 Graeco
439 2742 504 2831 μὴν
524 2745 693 2830 appellata
714 2761 782 2806 esse
803 2738 954 2820 videtur3
988 2739 1030 2804 de
1050 2741 1170 2806 Genita
1191 2742 1294 2805 Mana
1313 2764 1411 2821 vero,
1444 2766 1527 2828 quae
1557 2748 1648 2807 ortui
1669 2764 1707 2807 ac
1728 2744 1841 2831 partui
1860 2751 2032 2827 praeerat,

288 2878 328 2932 ut
349 2857 502 2930 Είλιονία
522 2863 748 2949 Argivorum,
781 2859 979 2921 Plutarchus
1000 2858 1146 2938 dubitat,
1178 2857 1309 2922 dictans
1330 2862 1374 2923 sit
1395 2881 1414 2921 a
1435 2860 1616 2939 manando,
1650 2864 1737 2925 sicut
1757 2859 1869 2922 Festus
1890 2856 1931 2920 de
1951 2856 2033 2919 Ma·

289 2984 507 3068 niisscripait
551 2974 891 3041 RectiusGenitam
912 2975 1074 3038 Menam
1091 2975 1278 3039 Genitalem
1298 2978 1418 3040 bonam
1439 2982 1715 3064 interpretantur,
1736 2988 1776 3041 ut
1795 2975 1836 3040 de
1857 2993 1897 3040 ea
1916 2971 2034 3037 dicere

290 3104 407 3181 liceat,
430 3119 512 3185 qnae
533 3097 696 3159 Horatius
717 3092 759 3156 de
781 3093 919 3175 Ilithyia
940 3096 1063 3156 cecinit
1085 3092 1121 3160 0.
1145 3093 1191 3173 S.,
1213 3077 1249 3160 τί
1270 3097 1309 3161 13
1330 3115 1400 3178 sqq.

706 3211 782 3274 Rite
803 3220 952 3273 maturos
973 3214 1104 3294 aperire
1125 3222 1240 3296 partus

703 3328 807 3390 Lenis
828 3327 983 3410 Ilithyia‚
1005 3338 1101 3392 tuere
1122 3341 1261 3393 matres:

705 3442 784 3508 Sive
805 3455 843 3508 tn
862 3446 992 3508 Lucina
1012 3447 1131 3530 probas
1156 3451 1284 3525 vocari,

787 3558 855 3622 Seu
886 3557 1059 3625 Genitalis.
1103 3559 1154 3624 Cf.
1188 3563 1292 3647 Orph.
1325 3564 1450 3647 Hymn.
1482 3566 1525 3627 11.
1559 3567 1595 3627 in
1626 3563 1876 3649 Prothyraeam.

290 3688 384 3754 Male
416 3686 507 3749 enim
534 3678 700 3743 Gesnerus
730 3681 766 3741 in
787 3680 926 3742 Latinae
947 3679 1081 3767 linguae
1109 3681 1265 3743 thesauro
1299 3692 1525 3745 consecratam
1549 3676 1673 3762 μανίαν
1692 3682 1856 3746 Martiani
1877 3679 2037 3766 Capellae

291 3816 461 3870 matrem
482 3799 664 3863 Maniam
685 3795 865 3883 intelligit,
888 3799 968 3878 quia
978 3796 1065 3859 Fura
1074 3799 1261 3880 Furiaeque
1283 3819 1420 3862 cumea
1441 3801 1630 3887 jungantur.
1674 3799 1833 3864 Ceterum
1846 3798 2039 3864 Martianus

293 3943 313 3986 a
345 3933 450 3984 matre
480 3919 596 3982 Mania
624 3914 842 3979 Submanium
877 3919 1049 4000 praestites
1081 3916 1243 3979 Manem
1274 3927 1372 4000 atque
1393 3917 1636 3980 Manuanam
1668 3917 1846 3998 discernit3
1885 3915 2040 4003 Scaliger

294 4049 406 4104 autem
435 4040 471 4096 in
502 4035 771 4097 annotationibus
793 4030 835 4094 ad
856 4033 987 4096 Festum
1008 4045 1139 4113 monet,
1172 4056 1239 4097 non
1260 4037 1368 4098 solum
1390 4036 1663 4100 terriculamenta
1688 4038 1885 4114 infantium,
1917 4032 1976 4097 sed
2004 4043 2040 4097 et

294 4156 489 4219 lactentium
511 4149 588 4213 deos
609 4151 775 4235 praesides
795 4150 925 4214 Manias
947 4152 1068 4215 dixisse
1090 4153 1272 4231 Romanos,
1299 4151 1387 4215 unde
1408 4154 1522 4216 Varro
1544 4132 1632 4238 apud
1651 4153 1739 4216 Non.
1762 4152 1872 4217 Marc.
1895 4151 1940 4231 ΙΙ,
1962 4153 2037 4218 756.

294 4273 396 4336 etiam
418 4267 583 4332 Cuninam
615 4277 649 4329 et
668 4268 845 4329 Ruminam
876 4271 966 4331 inter
986 4269 1117 4331 Manias
1149 4253 1364 4334 recensuerit.
1408 4269 1533 4353 Quidni
1565 4273 1672 4359 igitur
1697 4269 1845 4337 Matrem
1871 4269 2040 4336 Matutam

295 4391 428 4475 quoq'ue
448 4384 600 4450 Maniam
620 4385 691 4448 sive
712 4382 849 4447 Manam
870 4388 971 4450 luisse
992 4392 1168 4472 putemus?

1007 4679 1345 4719 Qua-*-
1460 4675 1461 4678 ’
