4364 5754
978 572 1181 638 ..14-

218 744 278 827 „P.
300 739 476 805 Cornelius
497 735 701 821 'Icopbimns
730 742 766 798 et
783 734 906 815 Lania,
938 737 1060 816 conjux
1080 735 1168 816 ejus,
1199 742 1320 800 votum
1335 733 1471 797 libens
1491 732 1761 813 solverunt,“
1794 752 1953 819 expresse

277 865 353 926 m

217 864 287 953 ιφ
386 980 436 1043 13.
479 975 552 1037 Etsi
571 972 780 1037 Vesnnam
801 969 901 1033 modo
921 981 1031 1034 vatem
1052 970 1165 1034 divam
1184 981 1336 1034 vocatam
1357 969 1521 1048 vidimus,
1550 971 1723 1032 Feroniam
1745 976 1855 1032 tamen
1877 990 1954 1033 eam

220 1097 438 1183 interpretari
465 1112 532 1155 non
562 1091 697 1169 dubito,
728 1093 852 1174 qnippe
882 1111 982 1173 quae,
1015 1111 1117 1173 quum
1143 1089 1230 1175 apud
1251 1088 1416 1153 Isidorum
1444 1093 1479 1151 in
1502 1088 1625 1151 Glossis
1648 1092 1785 1177 agrestis
1806 1087 1885 1167 dea,
1920 1097 1957 1150 et

220 1216 311 1304 apud
329 1215 530 1296 Dionysium
551 1211 629 1272 Hal
653 1209 700 1288 11,
720 1209 771 1275 49.
795 1207 857 1287 111,
878 1210 929 1274 32.
956 1202 1170 1296 Φερσεφόνη,
1188 1200 1413 1296 Ἀνθηφόρος,
1441 1203 1707 1295 Φιλοστέφανος,
1730 1205 1856 1285 audiat,
1883 1225 1955 1268 non
2058 1218 2067 1239 ·

222 1349 289 1404 tam
310 1337 400 1397 inter
422 1330 611 1414 Nymphas,
634 1349 732 1412 quam
754 1330 844 1390 inter
863 1328 966 1389 Lares
986 1326 1079 1389 horti
1100 1330 1274 1411 pomiferi,
1297 1324 1455 1410 Calpurn.
1478 1327 1546 1387 Ecl.
1571 1324 1613 1402 II,
1635 1329 1674 1391 64
1695 1347 1757 1408 sq,
1780 1323 1957 1387 referenda

222 1455 369 1520 videtur.
412 1451 512 1512 Licet
531 1449 707 1531 inscriptio
725 1446 859 1533 bigorii
880 1443 968 1529 apud
979 1444 1105 1509 Murat.
1126 1442 1233 1523 XCII,
1255 1446 1284 1517 6,
1305 1443 1474 1506 FLORAE
1495 1442 1710 1505 FERONIAE
1730 1440 1956 1524 DICTA[L]E

223 1570 409 1639 SACRVM
431 1570 550 1631 fictitia
570 1569 629 1645 sit,
659 1567 855 1652 florigerum
875 1573 984 1626 tamen
1013 1571 1112 1646 caput
1133 1563 1291 1624 Feroniae
1312 1564 1347 1625 in
1369 1529 1511 1625 nummis
1532 1565 1638 1650 gentis
1660 1562 1835 1624 Petronios
1855 1571 1956 1645 atque

223 1692 410 1756 Plaetoriae
430 1685 519 1771 apud
528 1685 673 1746 Fabrett.
696 1702 771 1770 pag.
794 1685 865 1748 454.
889 1678 1027 1760 indicat,
1049 1682 1224 1743 Feroniam
1245 1681 1331 1744 nihil
1352 1678 1444 1742 aliud
1465 1701 1543 1759 esse,
1567 1701 1665 1764 quam
1686 1700 1839 1743 arcanam
1860 1680 1957 1742 illam

223 1814 294 1876 vim
314 1806 489 1870 arboribus
510 1806 655 1880 insitam,
678 1821 743 1884 qua
767 1803 857 1884 ipsae
879 1802 991 1862 virent
1010 1801 1197 1883 florentque
1218 1810 1253 1862 et
1274 1802 1403 1862 fructus
1434 1796 1477 1861 ad
1508 1802 1735 1861 maturitatem
1766 1795 1958 1883 perducun-

224 1940 291 1993 tur.
335 1927 416 1988 Eam
436 1932 546 1985 vatem
568 1919 679 1982 divam
699 1917 783 1996 dici,
816 1901 913 1980 namo
933 1918 1129 1997 mirabitur,
1162 1920 1220 2002 qui
1242 1915 1448 1980 Clitumnum
1470 1936 1601 1999 quoque
1621 1918 1762 1979 fluvium
1781 1913 1956 1978 fatidicum

227 2064 350 2110 numen
379 2043 479 2102 fuisse
507 2035 595 2121 apud
617 2035 702 2096 Plin.
725 2036 827 2120 Epist.
850 2033 947 2112 VIII,
967 2038 999 2112 8,
1021 2039 1050 2101 5.
1082 2037 1219 2123 legerit:
1256 2045 1402 2098 ceterum
1424 2055 1526 2117 quum
1546 2034 1726 2121 geographi
1747 2044 1815 2096 tm
1835 2043 1960 2118 ponant

228 2163 388 2227 Feroniae
410 2159 503 2221 lucos
524 2157 686 2241 insignes,
710 2156 745 2214 in
765 2153 909 2215 Lucensi
930 2172 1029 2239 agro,
1051 2154 1111 2214 sub
1133 2163 1245 2215 monte
1266 2151 1421 2231 Soracte,
1451 2153 1539 2215 etin
1560 2151 1735 2236 paludibus
1756 2151 1960 2236 Pomptinis,

84 2283 93 2306 ¹
229 2280 368 2346 Servius
400 2274 442 2339 ad
462 2275 562 2360 Virg.
585 2270 624 2347 A.
648 2269 727 2348 vll,
750 2271 822 2336 800.
857 2272 1045 2332 annotavit:
1077 2268 1202 2349 „Circa
1227 2271 1315 2331 hunc
1345 2280 1490 2332 tractum
1517 2270 1689 2332 colebatur
1708 2290 1793 2355 puer
1812 2269 1958 2354 Jupiter,

229 2402 288 2484 qui
309 2398 509 2460 Anxurus
530 2389 722 2467 dicebatur,
746 2392 839 2471 qnasi
860 2377 938 2452 ἄνευ
960 2385 1060 2475 ξυρᾶς
1080 2423 1122 2435 -
1143 2397 1177 2450 et
1192 2387 1284 2483 Juno
1306 2389 1421 2474 virgo,
1449 2408 1532 2479 quae
1553 2388 1727 2450 Feronia
1748 2385 1960 2450 dicebatur.“

230 2517 295 2581 eui
316 2513 524 2577 annotationi
557 2529 659 2592 quum
691 2510 821 2570 faveret
850 2506 1025 2589 inscriptio
1046 2503 1135 2590 apud
1155 2506 1299 2567 Fabrett.
1323 2525 1397 2592 pag.
1421 2509 1491 2571 451.
1514 2504 1679 2568 IVNONI
1699 2502 1871 2585 Fauori„
1900 2524 1960 2568 nec

229 2632 477 2700 contradiceret
498 2629 566 2690 alia
585 2627 776 2709 inscriptio:
810 2619 1202 2704 1VNON1REGqET
1230 2622 1461 2701 FERONIAE,
1495 2625 1647 2707 plerique
1669 2644 1843 2709 perperam
1862 2624 1962 2686 Fero·

231 2756 321 2816 niam
342 2770 405 2834 pro
427 2749 522 2811 Jovis
544 2745 703 2807 imberbis
725 2744 866 2831 conjuge
887 2742 1093 2820 habuerunt,
1129 2761 1317 2826 quanquam
1345 2740 1434 2825 apud
1455 2742 1592 2804 Livium
1614 2739 1690 2820 XX,
1715 2749 1742 2808 1.
1770 2744 1882 2828 plures
1901 2736 1962 2805 Ju-

231 2889 352 2947 nones,
375 2885 536 2948 nusquam
557 2874 668 2925 autem
688 2862 775 2923 Juno
797 2860 955 2938 Feronia,
976 2871 1213 2923 memorantur.
1258 2858 1309 2923 De
1330 2861 1461 2923 Junone
1481 2863 1615 2949 virgine
1635 2860 1772 2925 Servius
1794 2882 1832 2925 eo
1853 2864 1964 2923 minus

233 2984 416 3051 andiendus
438 2994 498 3061 est,
521 2979 752 3064 qnodJupiter
774 2979 845 3057 ejus
866 2976 1059 3039 Anxurus
1080 2998 1184 3060 prava
1205 2978 1348 3039 lectione
1365 2998 1427 3062 pro
1449 2980 1621 3063 Jupiter
1641 2978 1827 3042 Anxuris
1849 2981 1966 3041 arvis

234 3109 367 3182 nititur,
391 3113 489 3185 atque
511 3098 714 3184 etymologia
734 3097 878 3159 nominis
891 3093 1052 3157 Anxuri
1073 3093 1114 3156 ad
1135 3097 1429 3182 grammaticorum
1451 3116 1553 3183 nugas
1574 3095 1756 3184 abteganda
1776 3109 1834 3161 est.
1878 3096 1966 3161 Sane

233 3224 368 3308 Jupiter
399 3216 514 3282 aedem
541 3217 660 3278 habuit
687 3217 723 3276 in
752 3234 791 3276 eo
814 3211 953 3298 oppido,
987 3211 1076 3295 quod
1098 3213 1180 3275 olim
1201 3215 1335 3290 Anxur,
1357 3222 1471 3297 postea
1491 3213 1704 3296 Tarracinae,
1727 3196 1883 3278 'vocatum
1906 3227 1967 3294 est,

234 3342 312 3403 Liv.
335 3336 398 3416 IV,
410 3341 460 3403 59.
484 3331 647 3410 XXVIII,
668 3337 716 3396 ll.
740 3328 815 3410 XL,
837 3335 906 3408 45.;
929 3329 985 3392 sed
1005 3331 1027 3394 J
1032 3334 1121 3394 ovis
1142 3331 1271 3409 Axur,
1294 3335 1329 3393 in
1351 3333 1445 3411 cujus
1465 3331 1628 3395 honorem
1649 3333 1806 3420 oppidum
1820 3335 1969 3397 Anxuris

236 3476 376 3535 nomen,
409 3474 474 3537 quo
496 3451 664 3538 Virgilius
685 3448 723 3512 A.
745 3446 789 3526 X,
811 3450 881 3513 545.
906 3447 1234 3529 ὴεΗεῑοτεΜυιίῑ,
1264 3453 1428 3534 accepisse
1448 3448 1598 3537 videtur,
1628 3454 1662 3512 in
1683 3455 1823 3515 nummis
1843 3452 1969 3516 Vibiae

236 3578 343 3666 gentis
364 3574 385 3638 J
391 3574 483 3635 ovis
515 3588 643 3657 augur
663 3566 785 3651 Apollo
807 3576 873 3643 est,
906 3567 953 3644 si,
983 3565 1072 3648 quod
1093 3565 1272 3628 secundum
1293 3569 1424 3631 Festum
1445 3580 1479 3631 et
1498 3568 1644 3631 Plinium
1666 3571 1827 3633 Volscum
1847 3589 1968 3634 nomen

237 3699 320 3774 fuit,
354 3712 395 3755 ex
422 3688 583 3753 Umbrica
612 3687 729 3772 lingua
758 3682 1046 3769 interpretandum
1077 3695 1134 3747 est.
1186 3686 1320 3770 Jupiter
1349 3705 1497 3748 crescens
1529 3691 1564 3748 in
1585 3686 1730 3751 Gallieni
1761 3690 1969 3774 aliorumque

237 3814 382 3876 nummis
413 3809 500 3872 nihil
531 3825 707 3870 commune
736 3804 835 3867 habet
867 3823 943 3865 cum
963 3803 1048 3866 Jove
1067 3801 1219 3883 Anxure,
1251 3805 1345 3883 cujus
1379 3814 1477 3888 caput
1505 3803 1591 3889 apud
1612 3805 1782 3869 Goltzium
1802 3807 1967 3871 Numism.

238 3928 297 3992 Gr.
320 3928 462 4012 Augusti
483 3925 524 3988 T.
547 3927 598 3992 75.
622 3919 767 3985 ΧΧΙΙΧ.
791 3925 827 3983 in
847 3924 989 3984 nummis
1011 3919 1205 4005 quibusdam
1227 3942 1415 4007 expressum
1438 3920 1571 3985 dicitur.

405 4049 454 4111 14.
498 4045 650 4121 Feronia,
672 4045 703 4105 si
721 4041 816 4105 Jovis
838 4043 960 4119 conjux
981 4037 1129 4103 habenda
1150 4050 1244 4117 esset,
1267 4059 1332 4101 non
1355 4038 1486 4104 diversa
1507 4042 1595 4104 foret
1616 4045 1655 4104 ab
1669 4039 1813 4106 Honda
1833 4040 1969 4120 Jovia,

241 4165 297 4228 cui
318 4164 354 4224 in
375 4162 524 4240 quinta
545 4161 658 4223 tabula
682 4180 745 4244 pro
766 4159 923 4222 Petronia
942 4167 1039 4245 gente
1060 4159 1240 4220 sacrificari
1262 4158 1406 4237 jubetur.
1450 4161 1519 4223 Etsi
1548 4180 1631 4224 rcro
1652 4172 1686 4224 et
1706 4165 1742 4222 in
1762 4160 1915 4223 Vesuuae
1935 4170 1972 4225 et

241 4283 277 4343 in
298 4275 439 4342 Hondae
458 4277 576 4340 Joviae
597 4279 760 4340 sacrificio
782 4277 901 4340 Umbri
922 4274 1098 4353 Fsoxlec
1118 4296 1266 4352 σνατες
1288 4297 1464 4354 orrares
1492 4277 1520 4351 1,
1542 4281 1573 4342 9.
1597 4278 1641 4356 V,
1663 4299 1693 4358 a,
1717 4283 1766 4346 19.
1789 4281 1839 4345 34.
1862 4282 1914 4346 37.
1937 4289 1972 4343 et
2027 4304 2030 4311 ·

240 4400 429 4484 qusrag
450 4396 478 4474 I,
500 4397 551 4460 25.
574 4395 620 4475 V,
643 4415 673 4474 a,
694 4398 759 4473 31,
782 4415 864 4477 quae
884 4395 995 4478 qualia
1013 4397 1089 4473 sint,
1111 4394 1258 4457 nondum
1272 4398 1439 4480 exputavi,
1460 4396 1513 4456 usi
1532 4406 1620 4474 sunt,
1642 4398 1828 4460 catulorum
1849 4409 1972 4477 tamen,

241 4521 271 4580 si
298 4513 398 4580 modo
427 4532 526 4577 voces
555 4509 681 4576 κατλε
703 4512 749 4590 V,
772 4532 801 4590 a,
826 4515 874 4576 15.
907 4511 1032 4577 suala
1054 4512 1098 4590 V,
1121 4534 1151 4592 a,
1175 4514 1224 4579 18.
1246 4513 1297 4576 20.
1320 4514 1372 4576 29.
1406 4511 1552 4589 saclas
1572 4512 1617 4592 V,
1640 4536 1669 4593 a,
1691 4519 1742 4580 22.
1764 4519 1815 4581 27.
1848 4514 1974 4580 κατε).

242 4636 288 4714 V,
299 4655 329 4714 a,
342 4638 393 4702 43.
418 4639 508 4696 recte
529 4624 746 4714 interpretor,
769 4632 901 4691 nonnisi
923 4633 959 4692 in
979 4632 1142 4694 sacrificio
1151 4629 1298 4693 Hondae
1309 4631 1426 4695 Joviae
1447 4632 1485 4693 fit
1506 4636 1641 4696 mentio.
1683 4635 1843 4724 LegImus
1863 4644 1974 4699 autem

323 4754 369 4834 V,
391 4774 422 4833 a,
443 4753 485 4818 20
506 4773 553 4836 sq.
591 4750 690 4814 Passa
743 4748 841 4812 tatu
874 4769 1041 4829 ,αμπεντε
1103 4734 1224 4812 accle‘
1269 4746 1370 4837 σακρε
1400 4751 1555 4830 ocFosre,

573 4863 716 4931 Hondae
735 4864 855 4930 Joviae
874 4867 1058 4932 sacrificato
1080 4865 1227 4932 catulum
1248 4887 1379 4933 sacrum
1399 4879 1567 4950 sanctum,
1590 4872 1676 4932 sicut
