4364 5754
1019 541 1227 615 ..32-

256 722 336 785 beat
355 725 487 803 prout
506 735 532 779 ι.
555 709 732 797 quando,
753 730 878 793 perca
898 726 999 789 vero,
1021 712 1113 793 quani
1134 709 1314 793 pertica,
1336 710 1475 796 auguria
1495 710 1612 792 litum,
1635 709 1771 788 dicitur,
1794 713 2000 775 cromatia

256 840 399 923 denique
421 833 620 922 approbatio
640 853 665 895 a.
695 828 843 895 addictio
872 850 944 894 eme
963 826 1109 893 videtur.
1162 827 1332 891 Scribitnr
1353 827 1488 910 quidem
1507 840 1541 893 et
1563 848 1727 913 percum
1747 829 1808 909 VI,
1830 849 1863 908 a,
1883 831 1935 898 53.
1965 837 2001 893 et

256 959 501 1025 arematiam
522 951 583 1025 vl,
604 971 635 1029 a,
656 952 697 1016 49
718 970 781 1032 sq,
801 946 860 1012 aed
881 949 1124 1012 armotiam
1146 947 1251 1010 solum
1273 947 1309 1009 in
1328 949 1520 1012 accusativo
1541 967 1620 1013 caan
1639 952 1786 1032 ponitum
1807 957 1875 1028 ert,
1896 968 2001 1032 quum

257 1096 382 1163 perce
403 1095 429 1138 a.
457 1090 625 1158 porcam
649 1085 925 1177 propercame
946 1068 983 1128 in
1003 1065 1149 1130 ablativo
1177 1084 1254 1129 caen
1281 1067 1327 1128 eit
1348 1066 1586 1150 accipiendum.
1633 1068 1855 1131 Aramatia
1884 1075 2003 1130 utrum

257 1218 378 1262 nomen
400 1192 621 1276 compositum
642 1189 700 1260 eit,
714 1180 764 1271 'jn
784 1176 945 1273 ἆρμόδιόν
965 1205 1000 1248 τι
1019 1186 1201 1271 significet,
1234 1182 1384 1251 nondum
1404 1185 1489 1249 mihi
1518 1188 1641 1268 liquetc
1673 1186 1853 1271 videantur
1879 1196 2001 1261 umen,

257 1336 340 1402 quae
359 1314 473 1398 paullo
496 1312 587 1372 intra
612 1307 796 1391 proferam.
834 1360 837 1365 .

422 1434 474 1498 34.
519 1428 559 1489 In
589 1426 702 1490 verbis
733 1424 816 1501 illia,
849 1441 935 1505 quae
953 1419 1018 1500 IV,
1038 1440 1069 1498 a,
1092 1422 1132 1485 13
1153 1441 1200 1504 eq.
1223 1421 1402 1507 leguntur,
1434 1421 1550 1485 eadem
1583 1422 1625 1485 de
1657 1424 1816 1505 aunpiciie
1848 1421 2003 1485 brevitor

258 1553 427 1640 praecipi,
449 1565 535 1631 quac
556 1545 692 1608 uberim
714 1542 997 1624 perscriptacunt
1018 1541 1054 1600 in
1074 1547 1186 1602 sextae
1206 1539 1341 1604 tabulae
1361 1541 1473 1614 initio,
1498 1541 1596 1603 facile
1617 1543 1829 1628 agnoscitnr3
1851 1538 1910 1603 red
1930 1559 2004 1604 me

258 1671 424 1738 morabile
445 1673 514 1744 est,
546 1660 769 1746 quodV1,b,
790 1662 823 1726 5.
846 1658 963 1722 mehe
996 1665 1085 1721 tote
1106 1657 1326 1738 ljoveine,
1347 1658 1408 1734 IV,
1431 1679 1462 1738 a,
1485 1661 1535 1725 1³.
1562 1679 1662 1745 τεφε
1681 1679 1758 1723 ceca
1780 1658 1931 1737 IraFcre,
1961 1667 2004 1722 ut

260 1761 451 1873 Vd,b,18.
483 1785 571 1847 tete
601 1789 691 1843 tote
720 1777 908 1860 ljovinc‚
930 1775 1048 1855 etVI,
1070 1794 1101 1853 a,
1122 1777 1174 1841 51.
1208 1795 1302 1839 eeeo
1335 1785 1424 1840 tote
1455 1776 1627 1858 ljovine
1657 1779 1822 1861 seriptum
1855 1779 2002 1866 legatur,

259 1911 353 1997 quani
373 1903 575 1991 pronomina
595 1898 715 1976 mihi,
735 1895 837 1974 tibi,
858 1896 944 1958 eibi
965 1896 1055 1959 inter
1075 1914 1110 1959 ee
1131 1903 1417 1978 permutarentur.
1472 1894 1558 1958 Sane
1578 1895 1623 1974 V,
1645 1896 1677 1969 b,
1699 1897 1750 1961 24.
1783 1913 1889 1979 cepa
1920 1894 2004 1957 tibi

259 2028 441 2117 significum
462 2030 497 2083 at
519 2037 619 2102 quum
641 2033 733 2079 reno
755 2033 831 2075 cum
852 2021 992 2076 seruat
1012 2021 1047 2076 et
1067 2012 1341 2077 anderseenet
1362 2014 1426 2090 (sic
1447 2016 1536 2077 enim
1565 2034 1628 2097 pro
1649 2013 1928 2097 andernesnep
1950 2013 2004 2077 le-

259 2145 406 2236 gendnm
427 2139 491 2218 eat)
511 2136 570 2215 vl,
593 2134 624 2216 b,
649 2137 670 2198 ὅ
691 2142 725 2196 et
745 2133 775 2197 ⁷.
797 2129 1167 2209 cohaerere-videatur,
1187 2131 1304 2217 mqhe
1325 2153 1456 2215 quoqne
1478 2143 1513 2196 et
1532 2138 1617 2196 teia
1637 2135 1673 2195 in
1695 2130 1838 2196 laudati·
1860 2131 1928 2194 illic
1948 2132 2001 2194 io-

260 2269 307 2330 cie
329 2260 434 2329 eimili
454 2250 718 2341 quodam-modo
740 2248 993 2332 interpretenda
1013 2259 1101 2315 mut.
1140 2250 1305 2314 Quoniam
1326 2249 1606 2329 andernesuet,
1626 2253 1657 2314 ai
1678 2273 1697 2314 e
1717 2236 1900 2315 verborum
1920 2269 2001 2312 eon-

260 2351 356 2449 dextn
376 2378 542 2457 conjicere
563 2373 661 2470 licet,
682 2370 989 2432 intercesserit
1010 2369 1196 2455 significat,
1217 2377 1357 2432 aeeurt
1378 2369 1463 2433 bene
1483 2372 1668 2434 cernerit
1689 2370 1761 2432 eive
1781 2387 2000 2432 noeoeane·

259 2504 322 2565 rit
349 2494 512 2582 explicari
533 2498 658 2575 potent:
679 2486 768 2552 unde
788 2497 824 2549 et
844 2486 1045 2568 adjectivum
1067 2507 1229 2551 uersum
1250 2486 1312 2566 VI,
1335 2487 1368 2565 b,
1388 2489 1409 2550 2
1431 2495 1464 2550 et
1484 2490 1528 2565 5.,
1558 2486 1646 2570 quod
1666 2488 1792 2550 bonum
1812 2506 2000 2550 succensum

258 2618 378 2683 babuit
398 2617 471 2677 aive
504 2610 605 2687 felix,
638 2615 672 2670 et
693 2605 893 2669 adverbium
912 2625 1006 2668 ceso
1026 2605 1060 2669 h.
1080 2625 1110 2668 e.
1131 2606 1220 2668 bono
1241 2625 1318 2668 cum
1338 2624 1492 2668 encccecn
1522 2607 1731 2697 e.'felicitor,
1765 2603 1903 2672 deduco.
1954 2603 2001 2667 Ut
2055 2642 2060 2651 ·

258 2747 370 2801 autem
391 2731 504 2795 mehe
524 2737 561 2801 et
581 2729 668 2790 tete
689 2724 806 2789 eodem
826 2723 926 2789 modo
948 2726 1174 2806 interpreter,
1201 2744 1307 2807 nequo
1329 2722 1473 2798 Graeca,
1508 2708 1621 2807 neque'
1634 2724 1757 2788 Latina
1778 2725 1893 2811 lingue
1914 2720 2001 2786 mihi

259 2854 400 2933 sufficit,
433 2849 501 2911 nini
522 2846 632 2908 mehe
665 2848 728 2926 pro
749 2845 885 2926 antiquo
906 2862 1026 2904 mane
1062 2844 1086 2905 i‘.
1108 2863 1137 2909 e.
1162 2842 1263 2922 bene,
1300 2841 1579 2923 undemelina,
1602 2850 1636 2904 et
1657 2846 1742 2905 teie
1763 2860 1826 2926 pro
1848 2850 2002 2925 topper

259 2977 283 3042 i.
306 2993 335 3037 e.
359 2961 519 3047 edwxdirg
540 2962 667 3026 dictum
687 2962 783 3024 veiis.
826 2960 929 3033 Sane,
951 2960 1047 3023 Feeto
1068 2970 1173 3040 tecte,
1204 2980 1362 3024 menum
1382 2963 1511 3045 antiqui
1532 2962 1683 3025 bonum
1704 2960 1878 3037 dicebant,
1909 2957 2000 3022 unde

258 3101 328 3154 tam
348 3087 491 3151 Manen
512 3092 547 3145 et
567 3080 777 3156 immanis,
808 3098 907 3161 quam
926 3094 1052 3147 mene,
1072 3077 1111 3163 h..
1127 3096 1157 3140 e.
1179 3077 1268 3141 bona
1288 3098 1366 3160 para
1387 3080 1474 3159 diei,
1508 3089 1542 3143 et
1566 3090 1761 3144 maturae
1783 3079 2002 3142 derivantur:

187 3240 197 3257 x
261 3229 300 3272 ac
320 3207 434 3270 nescio
456 3222 497 3265 an
518 3199 721 3263 arnmatia
741 3195 945 3260 Umbrorum
962 3215 1015 3259 ex
1042 3194 1160 3259 eodem
1188 3200 1280 3260 fonte
1302 3195 1453 3261 derivari
1473 3200 1589 3281 poenit.
1642 3198 1735 3262 [nter
1766 3216 1805 3261 ea
1826 3197 2001 3279 vocabula,

260 3346 344 3413 quae
364 3320 444 3407 quid
463 3319 671 3406 significent,
693 3317 827 3377 nonnisi
848 3334 867 3377 e
887 3314 1069 3379 verborum
1082 3323 1248 3378 contextu
1269 3317 1392 3396 conjici
1413 3316 1508 3391 licet,
1535 3317 1597 3378 ilia
1618 3326 1696 3381 sunt
1717 3317 1891 3381 intellectu
1912 3313 2001 3398 diffi-
2058 3366 2062 3373 .

260 3446 400 3514 cillimn,
421 3457 504 3520 quae
524 3457 592 3499 nno
613 3443 744 3497 tantum
764 3435 914 3496 alterove
936 3434 1011 3495 loco
1033 3432 1203 3517 leguntur.
1244 3433 1293 3495 Ex
1315 3452 1355 3495 eo
1376 3452 1501 3522 genere
1522 3445 1602 3498 nunt
1621 3435 1725 3498 verba
1746 3436 1779 3501 F
1781 3432 1904 3499 auxie
1924 3435 1958 3500 F
1960 3456 2002 3500 e-

259 3584 306 3628 cu
327 3560 389 3640 1v,
412 3578 442 3638 a,
462 3557 504 3622 29
525 3562 559 3617 et
577 3554 643 3632 37,
675 3571 817 3635 quorum
848 3548 937 3612 iliud
957 3547 1091 3633 quidem
1111 3559 1252 3633 propter
1272 3554 1426 3635 apposita
1448 3550 1612 3632 adjectiva
1632 3552 1735 3642 orde,
1768 3551 1881 3639 αλφυ,
1913 3571 1999 3636 quae
2039 3600 2043 3609 .

260 3689 372 3743 atrum
393 3677 546 3750 albumve
568 3670 716 3735 colorem
736 3668 929 3757 designant,
956 3669 1175 3733 vasculum
1195 3667 1346 3733 indicare
1366 3668 1522 3745 videtur3
1552 3668 1609 3734 sed
1623 3671 1696 3732 ·hoc
1716 3670 1799 3755 quid
1819 3669 1999 3758 significet,

261 3801 427 3862 incertum
447 3799 607 3864 maneret,
627 3791 695 3853 nini
713 3786 794 3866 Vll,
805 3806 835 3860 a,
854 3787 895 3850 21
905 3794 939 3848 et
951 3789 1003 3852 et.
1025 3796 1060 3850 et
1082 3795 1157 3850 atra
1178 3795 1213 3851 et
1233 3789 1308 3851 olba
1328 3788 1473 3867 vaccula,
1495 3807 1557 3852 cen
1576 3789 1688 3851 lancee
1708 3798 1852 3868 saturne,
1874 3791 2001 3873 plena
2113 3782 2116 3787 ’

261 3922 482 3990 vocarentur,
517 3912 573 3974 cni
592 3907 798 3989 adjectivum
818 3909 958 3969 fertur
980 3904 1167 3988 respondet
1221 3905 1272 3970 De
1293 3906 1395 3970 litera
1416 3927 1435 3969 r
1454 3909 1576 3970 omissa
1597 3916 1631 3971 et
1652 3906 1694 3972 de
1715 3927 1734 3971 o
1756 3917 1791 3971 et
1810 3906 1832 3988 f
1849 3910 1941 3971 inter
1962 3927 2001 3971 ee

237 4032 458 4125 'permutatis
479 4029 578 4110 plura
596 4034 665 4108 jam
687 4025 837 4109 exempla
857 4022 1022 4104 vidimus,
1053 4033 1093 4086 ut
1112 4026 1222 4108 iprum
1243 4021 1434 4109 aeFadce
1455 4024 1500 4104 V,
1522 4046 1552 4105 a,
1573 4026 1626 4093 ³9.
1649 4027 1672 4088 i.
1691 4046 1720 4093 e.
1744 4027 2000 4104 confercito,

188 4136 192 4143 ¹
260 4171 324 4239 pro
344 4168 409 4232 quo
430 4146 476 4224 V,
489 4164 527 4223 a,
548 4147 599 4209 db.
621 4145 798 4208 xeFecco
819 4144 982 4225 scriptum
1004 4151 1065 4206 eet.
1109 4141 1207 4210 Quod
1227 4144 1294 4208 nini
1316 4142 1575 4223 concederetur,
1603 4145 1689 4209 Fere
1710 4164 1772 4225 pro
1795 4145 2002 4227 imperativo·

260 4270 408 4336 vehito
429 4260 657 4346 accipiendum
680 4265 784 4325 roret:
811 4262 955 4348 legimus
985 4262 1076 4324 enim
1095 4260 1298 4340 v11,a‚42.
1327 4264 1470 4326 ficiam
1494 4265 1691 4326 arsveitu
1718 4281 1781 4347 pro
1818 4262 2000 4347 phialam

260 4386 461 4453 arvebito
482 4404 508 4446 a.
528 4388 678 4464 pateram
698 4381 877 4464 porrigito.
976 4448 979 4453 ,
1061 4390 1065 4399 ·

424 4505 478 4569 35.
522 4496 588 4562 Sed
607 4495 649 4561 de
670 4515 753 4561 voce
773 4497 895 4575 tiela,
917 4496 1071 4580 quaeVI,
1089 4498 1282 4570 eddinter
1303 4495 1440 4560 teoedi
1461 4508 1496 4561 et
1515 4499 1727 4581 arnveitu,
1752 4499 1872 4583 quibua
1892 4496 2000 4561 verba

259 4623 401 4707 τενξιτιμ
421 4617 566 4704 edFecce
585 4615 648 4694 IV,
670 4635 701 4694 a,
722 4617 752 4679 6.
774 4614 995 4695 respondent,
1029 4618 1157 4678 incerta
1177 4625 1244 4689 eet,
1266 4636 1354 4679 nunc
1376 4606 1473 4700 plura
1494 4617 1577 4678 mibi
1606 4615 1745 4687 dicende
1768 4626 1857 4680 aunt.
1900 4615 2000 4683 ulam

260 4761 378 4806 vocem
398 4746 489 4806 nexta
510 4737 714 4819 septimaque
735 4733 868 4797 tabulae
888 4735 988 4797 toties
1010 4727 1180 4815 exhibent,
1202 4735 1472 4818 quotiescumque
1491 4735 1528 4795 in
1549 4744 1666 4818 quarta
1687 4730 1932 4823 odenedodd'ee
1952 4734 1999 4798 le-
2062 4710 2066 4717 ⁴

261 4861 373 4948 gitur„
395 4860 429 4925 h.
452 4877 481 4923 e.
504 4858 539 4919 in
560 4856 627 4919 fine
648 4853 794 4936 bajuaria
815 4852 987 4916 sacrificiis
1008 4853 1113 4918 rerba
1132 4873 1217 4919 vero
1236 4851 1302 4918 boc
1322 4852 1422 4919 modo
1442 4853 1634 4918 variantur:
