4364 5754
963 607 1000 622 ..
1042 577 1083 644 2³
1123 607 1166 623 .-

198 746 285 807 sicut
305 738 401 809 ἐπεὶ
419 740 508 828 apud
528 739 684 806 Graecos.
737 738 894 804 Ceterum
914 743 979 824 pir
997 750 1062 819 ast,
1094 740 1128 806 11.
1150 760 1179 803 s.
1202 740 1335 826 piamen
1355 749 1424 816 est,
1456 733 1519 814 vl,
1540 755 1572 814 s,
1593 737 1645 802 53.
1667 732 1812 822 legitur,
1840 737 1934 795 erto

197 881 297 940 vero,
332 862 409 946 quia
428 878 492 944 pro
513 869 604 922 esto
636 862 672 921 in
691 856 843 947 Iguvinis
870 858 993 921 tabulis
1014 861 1106 921 futu
1125 858 1229 923 scribi
1248 858 1351 937 solet,
1381 858 1584 921 Latinorum
1604 853 1797 940 pronomini
1816 844 1934 915 istud
2032 937 2040 951 ·

197 976 384 1065 respondet.
437 978 636 1057 Termnu,
665 975 758 1063 ,baud
790 975 1057 1050 confundendum
1088 998 1164 1040 cum
1190 987 1357 1041 tremnu
1377 977 1439 1054 VI,
1460 977 1495 1056 b,
1516 979 1546 1040 2.
1569 977 1640 1037 sive
1670 973 1832 1047 termino,
1864 985 1932 1031 non

196 1097 310 1160 differt
340 1116 361 1158 a
392 1094 1586 1179 001111οω01106310.0111111110.)710511151,
1619 1112 1684 1176 quo
1716 1096 1855 1175 propter
1881 1103 1932 1149 w·

195 1218 330 1300 quentia
351 1214 455 1279 rerba
476 1234 565 1278 com
584 1216 804 1300 prinuatir
830 1216 902 1278 aive
923 1234 999 1281 cum
1020 1217 1217 1281 suffimentis
1238 1206 1424 1301 θερόμενόν
1443 1235 1478 1276 τι
1497 1215 1567 1276 sive
1588 1213 1675 1298 ignis
1702 1217 1809 1271 aestus
1830 1202 1931 1290 signi·

194 1334 322 1400 ficator.
366 1333 456 1395 Hinc
487 1335 662 1418 inscriptio
693 1335 800 1395 omnis
829 1335 878 1395 sic
909 1331 1070 1397 vertenda
1095 1354 1167 1398 esse
1194 1331 1345 1396 videtur:
1379 1329 1561 1412 „Incendia
1581 1333 1707 1393 vertas!
1751 1319 1930 1397 Vulcanal,

194 1450 346 1529 Teirale,
369 1449 499 1533 quando
520 1453 592 1538 igni
612 1452 744 1536 piamen
767 1461 833 1530 eat,
856 1448 946 1514 istud
966 1453 1038 1518 0011.
1059 1454 1106 1515 sit
1125 1450 1332 1538 piaculum.“

358 1571 410 1636 25.
453 1569 589 1633 Praeter
609 1569 774 1634 Tefrsm
794 1568 958 1633 Joviam
977 1569 1171 1634 duaealiae
1192 1569 1273 1633 deas
1293 1571 1440 1633 Joviae
1461 1558 1620 1643 audiunt,
1653 1560 1809 1637 Treba,
1830 1576 1930 1640 qnam

193 1685 369 1751 Claudiani
389 1686 430 1749 de
452 1686 514 1749 VI.
538 1707 626 1749 cons.
650 1687 783 1750 Honor.
805 1709 839 1752 v.
858 1691 933 1756 328.
956 1688 1145 1767 Triviam
1166 1698 1268 1773 puto,
1292 1698 1326 1750 et
1344 1686 1479 1751 Tursa
1498 1685 1520 1747 J
1525 1685 1640 1761 oria,
1661 1680 1781 1764 quibus
1803 1671 1931 1738 accedit

191 1801 341 1866 Honda
366 1804 388 1867 J
394 1806 491 1867 oria
517 1804 584 1885 jam
611 1825 713 1889 supra
734 1805 762 1890 §.
785 1808 826 1871 14
846 1825 893 1888 sq.
923 1806 1097 1890 explicata.
1141 1806 1214 1891 Ipse
1234 1806 1369 1890 Jupiter
1389 1814 1520 1882 autem,
1549 1802 1644 1882 cujus
1667 1800 1758 1861 filiae
1778 1797 1858 1858 illae
1878 1790 1930 1855 di·

192 1933 332 2001 euutur,
355 1924 390 1983 in
411 1922 567 2006 precibus
588 1934 699 1986 sextae
720 1923 852 1986 tabulae
872 1922 950 1987 Dei
972 1922 1158 1987 Grabovi
1183 1926 1255 1987 sive
1276 1923 1329 1985 Di
1349 1921 1559 1986 Grabovie
1587 1921 1773 1982 invocatur·
1816 1908 1929 1992 Hfijut

189 2041 337 2103 vocativi
356 2049 493 2121 etymon
513 2059 580 2102 nou
600 2040 683 2120 Dis,
704 2039 763 2105 sed
782 2040 882 2118 Δῖος
903 2061 972 2104 esse
993 2040 1129 2105 videtur
1150 2043 1211 2117 (sic
1232 2044 1333 2119 enim,
1356 2051 1438 2104 teste
1449 2038 1620 2122 Hesychio
1641 2058 1667 2102 s.
1688 2057 1722 2099 v.
1734 2024 1928 2104 Δωδωνεύς,

189 2152 275 2233 Ζέὺς
292 2167 431 2220 vocatus
452 2159 525 2237 est),
548 2156 636 2220 unde
657 2158 777 2221 Umbri
797 2159 970 2224 Diovem
989 2161 1061 2224 sive
1081 2160 1102 2223 J
1109 2179 1222 2224 ovem
1242 2162 1396 2223 iecerunt
1417 2159 1474 2237 (oi.
1487 2152 1800 2236 11011.Ν.Δ.1’,12.
1823 2146 1926 2211 Varr·

188 2272 229 2339 1..
253 2274 295 2340 L.
318 2272 364 2352 V,
387 2275 414 2348 §.
437 2274 520 2354 eu),
551 2277 641 2340 sicut
670 2278 816 2340 Pisovi
847 2273 974 2340 Sarisi
995 2278 1057 2357 VI,
1080 2299 1112 2358 a,
1134 2282 1164 2346 5.
1196 2265 1259 2364 pro
1290 2279 1383 2340 Fiso
1413 2274 1560 2340 Sanbie
1587 2274 1755 2352 v1,a‚e.
1788 2268 1927 2355 legitur,

190 2390 331 2452 Romani
362 2402 474 2455 autem
494 2394 616 2456 Janum
648 2402 716 2457 tam
738 2395 975 2461 Clusinium
1005 2416 1105 2479 quam
1127 2394 1315 2458 Clusium
1345 2395 1518 2458 vocabant.
1574 2392 1689 2474 Itaque
1716 2383 1928 2451 Grabovis

120 2545 125 2553 ·
188 2526 321 2592 quoque
341 2510 522 2595 appellatio
542 2531 611 2575 non
631 2523 681 2576 est
702 2514 836 2577 ebovio
856 2517 992 2577 nomine
1013 2516 1211 2598 composita:
1235 2534 1333 2596 quam
1355 2512 1490 2595 quidem
1506 2512 1702 2574 sententiam
1723 2504 1926 2568 inllhenano

188 2624 309 2689 Museo
330 2627 538 2716 philologieo
570 2652 599 2694 a.
624 2634 715 2699 1833.
738 2652 810 2718 pag.
834 2634 907 2699 376.
940 2641 1081 2715 propter
1100 2632 1202 2693 boum
1222 2632 1386 2694 sacrificia
1406 2651 1426 2692 a
1446 2630 1604 2691 Lassenio
1625 2626 1832 2712 propositam
1851 2638 1926 2681 cen·

186 2762 242 2809 sor
274 2745 344 2822 ejus
363 2747 536 2830 Benaryus
567 2750 604 2810 in
631 2748 750 2811 Annal.
781 2750 930 2811 Berolin.
964 2768 993 2809 a.
1025 2750 1115 2815 1834.
1146 2746 1228 2834 Aug.
1257 2747 1319 2811 Nr.
1348 2750 1399 2814 32.
1433 2749 1533 2809 nimis
1564 2757 1690 2811 temere
1717 2738 1925 2826 approbavit.

187 2860 298 2941 Quum
320 2872 387 2925 tres
409 2862 458 2925 dii
480 2865 695 2928 Graboves
715 2849 888 2944 dieantur,
909 2866 1052 2945 Jovis,
1082 2864 1193 2927 Mars
1215 2875 1249 2929 et
1267 2865 1451 2946 Vofiou,
1474 2884 1618 2949 qnorum
1640 2863 1694 2925 illi
1714 2861 1808 2939 duo,
1830 2857 1926 2942 Jupi-

186 2987 240 3041 ter
261 2989 295 3043 et
315 2978 426 3056 Mars,
459 2981 627 3064 principes
648 2983 785 3046 fuerunt
805 2985 841 3044 in
863 2984 1137 3063 imnationibus,
1173 2985 1269 3068 prasi
1290 2980 1370 3048 θεοὶ
1391 2979 1566 3049 δυνατοί
1591 2985 1663 3045 sive
1682 2979 1782 3043 Divi
1803 2985 1925 3062 potes

186 3091 366 3159 secundum
398 3096 589 3161 Varronem
619 3099 660 3163 ln
693 3099 733 3163 L.
766 3100 813 3180 V,
846 3100 874 3185 §.
904 3104 969 3181 et,
1000 3101 1153 3184 equidem
1184 3100 1434 3190 Κραταιούς
1463 3103 1638 3190 intelligo,
1671 3118 1753 3183 quos
1783 3095 1925 3188 Romani

186 3209 414 3290 Gradivos,
436 3215 524 3277 sicut
543 3211 698 3297 Λχαιοὺς
717 3214 900 3282 Achivos
920 3217 1090 3283 dicebant:
1113 3240 1220 3303 usque
1241 3224 1330 3299 seio,
1352 3241 1395 3283 an
1416 3219 1651 3304 Marspedis
1673 3223 1743 3280 sive
1765 3215 1924 3296 11110110-

185 3326 267 3427 (111,
290 3332 349 3412 qui
370 3329 453 3413 quid
470 3333 635 3420 significet
654 3337 691 3396 in
710 3340 903 3419 precatione
925 3337 1178 3416 solitaurilium,
1199 3338 1295 3400 Festo
1316 3347 1419 3415 teste,
1440 3358 1482 3400 ne
1498 3337 1643 3399 Messala
1663 3332 1798 3418 quidem
1819 3347 1926 3418 augur

185 3451 338 3530 reperire
368 3469 403 3511 se
435 3452 582 3534 potuisse
612 3455 779 3535 professus
800 3465 865 3533 est,
898 3453 1009 3517 Mars
1040 3426 1155 3540 potis
1187 3458 1259 3523 sive
1280 3454 1490 3520 Gradivus
1520 3451 1790 3541 interpretandus
1810 3453 1873 3526 sit,
1904 3468 1925 3510 ι

185 3565 280 3644 cujus
310 3570 525 3631 veneratione
546 3568 677 3633 Tuders
709 3570 798 3656 apud
825 3570 887 3636 Sil.
912 3572 951 3638 It
981 3572 1043 3652 IV,
1066 3576 1139 3639 222.
1173 3575 1252 3638 0011.
1274 3573 1372 3655 VIII,
1399 3578 1471 3641 464.
1505 3572 1780 3652 Gradiuicola
1811 3567 1924 3652 appel·

183 3681 288 3749 latur·
331 3683 616 3765 Quemadmodum
637 3688 777 3752 Romani
798 3700 866 3754 tres
886 3688 967 3753 deos
988 3693 1147 3756 tutelares
1169 3693 1341 3772 colebant,
1373 3693 1396 3756 J
1403 3674 1535 3770 ovem,
1558 3691 1758 3767 Martem,
1781 3685 1923 3768 Quiri·

183 3820 294 3880 num,
328 3803 448 3885 'quibus
476 3817 611 3889 praeter
639 3808 788 3870 flamines
808 3805 942 3885 Diales,
974 3807 1168 3886 Martiales,
1202 3809 1410 3891 Quirinales,
1443 3820 1527 3873 teste
1548 3808 1668 3872 Servio
1696 3805 1738 3868 ad
1759 3806 1857 3893 Virg.
1881 3803 1919 3865 A.

182 3915 363 3997 viltone.
386 3923 574 4006 peculiares
593 3924 822 4009 quoquesslii
842 3927 981 4009 ascripti
1001 3929 1156 4006 suerunt,
1176 3928 1226 3990 sic
1241 3927 1360 3990 Umbri
1382 3939 1449 3991 tres
1471 3926 1548 3989 deos
1560 3925 1741 4004 Graboves,
1763 3925 1785 3986 J
1792 3942 1921 4000 ovem,

182 4034 378 4115 Martem,
401 4040 643 4119 Vot'ionem,
666 4061 809 4124 quorum
830 4054 1035 4127 postremum
1055 4046 1235 4108 Faunum
1255 4046 1422 4132 intelligo,
1445 4065 1543 4128 quem
1563 4046 1691 4124 Latini,
1712 4046 1921 4133 Faunigenae

182 4155 293 4215 vocati
321 4175 341 4215 a
361 4153 423 4216 Sil.
448 4156 490 4222 It.
513 4157 559 4237 V,
580 4163 609 4224 7.
634 4168 668 4221 01
688 4158 784 4238 VIII,
805 4162 898 4240 353,
928 4183 1056 4225 summa
1075 4166 1290 4227 veneratione
1312 4165 1507 4242 coluerunt,
1537 4166 1625 4228 sicut
1645 4165 1785 4227 Romani
1807 4164 1921 4246 Quiri-

181 4289 282 4348 num,
315 4270 467 4336 Lactant.
497 4273 617 4351 1,15.:
652 4273 857 4361 eundemque
876 4278 1004 4361 Mpetis·
1028 4281 1137 4344 lilium
1164 4279 1340 4345 ediderunt
1360 4282 1541 4366 Dionysius
1570 4283 1670 4363 1,31.
1700 4294 1734 4346 et
1754 4284 1921 4368 Appianas

180 4389 217 4448 in
239 4391 404 4472 excerptis
425 4389 537 4452 Photii
558 4394 599 4455 t'r.
625 4397 653 4457 1.
873 4444 877 4450 .
1360 4415 1361 4418 ’

346 4508 397 4572 26.
440 4508 730 4595 Fauni'Luperci,
763 4531 862 4596 quem
883 4512 1024 4578 Ovidius
1055 4516 1089 4577 F.
1118 4516 1163 4595 11,
1185 4519 1245 4583 421
1279 4537 1347 4601 sqq.
1383 4519 1460 4582 0011.
1492 4520 1612 4585 Horat
1643 4524 1801 4597 6.1,17.
1834 4518 1921 4580 Pana
2011 4564 2015 4571 ·

182 4620 350 4703 Lycaeum
364 4621 533 4687 Arcadum
554 4630 807 4715 iuterpretatur,
829 4633 901 4694 iera
920 4631 1081 4716 quaedam
1101 4633 1258 4699 sodalitas
1279 4647 1314 4700 et
1334 4638 1432 4722 plane
1453 4640 1633 4724 pastoricia
1653 4647 1752 4721 atque
1769 4636 1919 4723 agrestis,

182 4747 220 4799 ut
239 4736 363 4815 (licere¹
381 4746 516 4828 scripsit
535 4764 599 4829 pro
621 4743 713 4811 Coei.
738 4752 808 4828 11.,
840 4759 917 4813 ants
938 4762 989 4815 est
1008 4754 1162 4816 instituta
1181 4773 1280 4835 quam
1301 4754 1487 4818 humanitas
1509 4765 1609 4838 atque
1631 4755 1731 4842 leges.
1774 4755 1921 4817 Fuerunt

182 4865 293 4929 autem
313 4857 624 4949 dnoLupercomm
645 4864 790 4946 ord'mes,
812 4889 957 4952 quorum
978 4870 1298 4943 alterFabiorum
1319 4871 1917 4957 1000ηά11110νί(11111111.11,37700.
