4364 5754
646 1738 1512 1844 Praefatio.

908 2054 1025 2065 ..ι-.-
1030 2055 1116 2065 *
1123 2054 1268 2065 ...o-..u--n

373 2316 633 2446 Rudimenta
657 2367 812 2464 linguae
841 2364 1055 2456 Umbricae,
1082 2389 1246 2463 quorum
1272 2362 1481 2462 particulas
1505 2387 1578 2462 per
1599 2365 1801 2441 intervalla
1824 2390 1941 2444 seme-

207 2540 299 2612 stria
325 2537 616 2642 programmatis
641 2538 817 2613 editurus
841 2561 943 2631 sum,
980 2536 1094 2613 initio
1119 2533 1276 2634 quidem
1302 2535 1351 2609 ad
1384 2559 1467 2610 earn
1493 2534 1741 2633 pertinebant
1765 2537 1941 2614 disserta-

206 2692 436 2785 tiunculam,
471 2715 596 2789 quam,
629 2691 679 2766 de
712 2688 879 2788 antiquis
903 2686 1052 2763 mediae
1086 2686 1220 2763 Italiae
1244 2685 1387 2785 linguis
1421 2687 1649 2762 Germanico
1683 2711 1859 2765 sermone
1883 2692 1940 2769 in·

205 2844 393 2935 chortam,
419 2845 464 2918 Α.
496 2845 601 2920 1829.
629 2844 669 2917 in
693 2840 800 2916 Novo
825 2837 993 2915 Archino
1015 2836 1251 2943 philologico
1286 2854 1324 2913 et
1346 2837 1613 2943 paedagogice
1644 2839 1738 2918 Nro.
1765 2842 1826 2920 26.
1853 2869 1936 2945 sqq.

205 3020 277 3092 per
302 2999 369 3069 Dr.
396 2990 655 3084 Seebodium,
689 2989 883 3066 Andreani
907 2989 1165 3067 Hildesiensis
1191 3001 1273 3066 tum
1298 2989 1545 3067 Directorem
1570 2992 1838 3089 clarissimum,
1871 2996 1938 3073 edi

199 3149 406 3244 jusseram,
440 3145 509 3219 sed
536 3169 667 3244 quum,
695 3143 879 3221 absolutis
904 3142 1051 3243 paucis,
1079 3168 1177 3242 quae
1201 3143 1253 3218 de
1278 3146 1416 3237 Tusca,
1444 3141 1598 3238 Sabina,
1634 3143 1841 3245 Siculaque
1865 3148 1936 3224 lin-

201 3302 288 3397 guis
313 3324 334 3372 a
358 3323 419 3372 me
445 3295 526 3374 dici
550 3308 742 3396 poterant,
767 3310 846 3372 tres
871 3296 1038 3395 linguae,
1065 3320 1163 3394 quae
1189 3296 1316 3371 adhuc
1340 3296 1547 3390 restabant,
1574 3296 1756 3375 Umbrica
1776 3300 1935 3395 scilicet,

202 3452 301 3526 Osca
327 3449 553 3548 Latinaque,
588 3449 662 3524 alio
700 3473 861 3548 prorsus
885 3449 1001 3524 modo
1028 3449 1249 3557 tractandae
1273 3450 1370 3525 mihi
1393 3450 1633 3543 viderentur,
1672 3454 1848 3550 sepositis
1872 3455 1933 3547 iis,

201 3629 299 3702 quae
327 3603 407 3700 jam
445 3602 683 3700 perfeceram
709 3600 1037 3700 Ephemeridibus
1069 3601 1285 3695 inserenda,
1318 3602 1532 3677 accuratius
1566 3602 1716 3680 institui
1749 3606 1932 3701 studium,

199 3771 239 3831 et
263 3757 360 3830 haec
386 3755 544 3853 quidem
567 3752 786 3829 rudimenta
808 3752 964 3853 linguae
990 3752 1207 3847 Umbricae,
1234 3754 1339 3829 unde
1364 3764 1405 3829 et
1427 3755 1616 3830 Oscorum
1641 3768 1681 3828 et
1706 3755 1934 3835 Latinorum

199 3909 329 4006 lingua
355 3905 545 4005 originem
569 3906 687 4004 cepit,
724 3905 884 3982 seorsim
910 3907 1060 3981 edenda
1085 3909 1230 4005 putavi.
1283 3907 1391 3989 Quae
1417 3908 1574 4006 quidem
1598 3907 1650 3981 ob
1675 3932 1757 3982 eam
1783 3935 1933 3986 causam

199 4060 336 4135 Latine
361 4060 514 4159 scripsi,
549 4057 655 4157 quod
679 4070 847 4158 propter
871 4084 1070 4153 summam,
1103 4085 1201 4159 quae
1225 4059 1327 4134 inter
1352 4059 1572 4135 Umbricam
1596 4070 1637 4135 et
1661 4059 1836 4137 Latinam
1861 4065 1932 4140 lin-

196 4238 311 4311 guam
336 4209 565 4302 intercedit,
591 4211 858 4311 cognationem
882 4211 997 4286 nullis
1024 4210 1106 4286 aliis
1131 4211 1307 4304 vocibus,
1334 4212 1366 4285 si
1392 4213 1554 4288 Graecas
1580 4213 1799 4310 exceperis,
1834 4240 1931 4313 quae

197 4364 345 4440 Latinis
378 4364 490 4438 facile
522 4363 853 4455 intermiscentur,
888 4377 964 4439 tam
1003 4379 1091 4479 apte
1124 4379 1164 4440 et
1199 4333 1401 4439 commode
1439 4365 1625 4463 explicari
1657 4376 1819 4464 possunt
1843 4366 1930 4463 Um-

195 4519 338 4623 bricao.
391 4516 571 4598 Quamvis
596 4518 715 4592 multa
739 4518 802 4592 vel
827 4518 974 4592 incerta
999 4518 1060 4590 vel
1086 4518 1218 4614 ignota
1249 4544 1408 4616 prorsus
1433 4519 1560 4593 adhuc
1585 4522 1805 4613 manserint,
1832 4545 1929 4618 quae

194 4626 419 4747 diuturnins
454 4668 607 4742 demum
642 4670 812 4745 studium
844 4670 926 4761 vel,
962 4668 1152 4767 quianon
1179 4671 1304 4745 omnia
1325 4695 1530 4769 possumus
1557 4669 1719 4769 singuli,
1755 4671 1928 4769 plurium

198 4824 401 4899 doctorum
434 4821 631 4898 hominum
670 4848 827 4899 acumen
861 4822 981 4920 magis
1014 4824 1212 4922 magisque
1245 4825 1446 4915 enodabit,
1485 4835 1632 4899 tantum
1664 4833 1789 4900 tamen
1828 4826 1926 4902 lucis

1435 4963 1477 5020 1*
