4364 5754
957 547 1208 612 ..4-

219 710 307 806 ibit,
332 713 435 787 inter
458 710 589 805 multa,
614 735 712 811 quae
736 706 889 785 nonnisi
912 705 1140 785 hariolando
1165 707 1345 810 exputari
1368 717 1548 807 possunt,
1574 708 1741 809 plurima
1764 709 1823 788 sic
1846 737 1868 787 a
1891 737 1957 789 sne

188 827 193 838 .
222 887 304 940 esse
328 863 530 958 illustrata,
555 872 612 958 nt,
638 859 802 962 quaein
827 859 1155 960 tabulislguvinis
1180 860 1463 955 contineantur,
1489 861 1579 939 satis
1597 873 1794 963 appareat,
1818 888 1956 964 eaque,

223 1041 321 1117 quae
344 1015 550 1091 Bethamus
574 1014 617 1092 in
640 1013 833 1092 Hibernia
864 1037 991 1113 nuper
1022 1023 1225 1115 exputasse
1251 1013 1327 1092 sibi
1357 1013 1462 1091 visan
1495 1025 1576 1110 est,
1613 1040 1692 1092 non
1724 1014 1850 1092 minus
1882 1042 1960 1117 pro

221 1193 329 1244 mero
353 1166 501 1268 ingenii
525 1169 614 1245 lusu
637 1166 816 1244 habenda
839 1164 928 1261 sint,
944 1191 1068 1279 *quam
1078 1165 1212 1268 priora
1237 1167 1442 1243 doctorum
1466 1165 1630 1245 inltalia
1654 1129 1829 1245 virorum
1839 1169 1961 1247 inter-

223 1318 405 1421 pretendi
433 1319 628 1421 pericula,
666 1319 718 1394 de
750 1317 890 1418 quibus
919 1316 993 1396 Dr.
1018 1319 1238 1419 Kaempfius
1263 1317 1304 1395 in
1340 1343 1412 1395 suo
1437 1317 1711 1397 Umbricorum
1747 1320 1962 1421 specimine

223 1471 351 1572 primo
376 1496 464 1572 pag.
491 1474 541 1566 8.,
580 1469 653 1547 etsi
679 1469 730 1546 de
754 1469 924 1546 certiore
949 1470 1112 1570 quadarn
1137 1470 1459 1572 interpretatione
1482 1473 1579 1549 male
1604 1474 1828 1574 desperans,
1852 1486 1964 1552 recte

224 1633 352 1700 tamen
372 1584 585 1722 judicavit,
618 1647 686 1699 eos
710 1622 849 1723 majori
871 1621 1021 1723 patriae
1052 1622 1213 1701 caritate
1237 1649 1327 1701 usos
1352 1649 1453 1720 esse,
1487 1650 1600 1726 quarn
1630 1625 1804 1704 veritatis
1830 1653 1963 1704 amore

226 1786 293 1853 aut
318 1785 426 1852 certe
449 1773 666 1874 sagacitate.
702 1774 884 1859 Quamvis
898 1776 1017 1852 multa
1042 1775 1170 1854 adhuc
1195 1778 1361 1858 obscura
1384 1777 1476 1873 sint,
1499 1803 1599 1879 quae
1613 1779 1777 1857 aliorum
1800 1779 1964 1857 fortasse

226 1927 410 2029 sagacitas
436 1927 597 2028 aperiet,
636 1929 784 2006 certius
808 1938 935 2005 umen
954 1927 1035 2028 jam
1060 1927 1291 2029 perspicere
1315 1955 1536 2031 possumus,
1570 1956 1645 2032 qua
1669 1930 1965 2032 propinquitate

226 2082 513 2181 conjungantur
536 2081 681 2181 singuli
704 2083 849 2159 veteris
873 2079 1009 2160 ltaliae
1033 2082 1183 2183 populi.
1434 2074 1438 2082 ’
1494 2048 1495 2051 ¹
