4364 5754
952 594 1195 656 ..94-

222 755 360 841 simplex
381 754 516 837 eripiatis
535 774 560 815 s.
583 749 755 833 orruisse,
785 753 924 836 arripis
944 753 1120 834 derivatus,
1142 754 1309 836 vl,a‚51.
1333 766 1367 819 et
1386 754 1489 834 IV,s‚
1502 758 1551 823 13.
1573 756 1706 844 legitur.
1748 754 1802 834 lif
1816 758 1922 822 eserie

222 874 304 937 mihi
323 893 386 957 pro
407 871 465 953 eof
481 894 505 937 s.
529 870 604 952 crof
621 870 753 952 eardof,
780 871 814 938 h.
837 893 865 935 e.
888 871 940 938 bis
960 875 1116 956 asneriis,
1138 875 1296 958 scriptum
1314 870 1458 948 videtur,
1481 875 1571 939 eamd
1589 892 1672 937 vero
1690 871 1838 952 v1,b‚e.
1859 893 1922 959 pro

222 1012 299 1055 came
319 1013 343 1057 s.
366 1010 473 1070 esame,
495 1001 534 1054 ut
554 990 686 1055 stsbmei
705 989 882 1055 sectantes·
902 1011 964 1076 pro
984 989 1119 1078 στάθμῃ
1140 989 1322 1079 σταθμητῇ,
1344 991 1461 1073 quibus
1481 989 1679 1071 adjectivum
1690 994 1771 1056 sessi
1789 989 1924 1055 additur

223 1123 298 1171 cum
324 1109 470 1181 clausula
493 1094 578 1189 pirri
603 1116 706 1172 searst
733 1107 768 1177 h.
788 1125 816 1170 e.
845 1105 1008 1191 siqnidem
1033 1110 1235 1174 successerit.
1287 1109 1369 1173 Erae
1393 1128 1455 1191 pro
1482 1111 1605 1174 interes
1632 1108 1758 1173 dietum
1783 1110 1926 1192 accipin*

223 1228 309 1289 sieut
329 1246 423 1290 nerra
442 1235 588 1290 coartant
608 1248 634 1289 s.
656 1235 804 1289 sororius
831 1228 919 1289 verti
939 1237 1045 1309 potest
1072 1229 1108 1292 ni
1127 1230 1250 1292 interea
1275 1247 1301 1288 s.
1323 1226 1422 1289 donec
1450 1227 1665 1308 conpleveris,-
1696 1229 1781 1293 arsir
1808 1236 1924 1291 contra
2018 1199 2020 1203 Ι

223 1341 352 1408 dativus
371 1344 512 1427 pluralis
534 1363 602 1406 esse
622 1341 756 1407 videtur
777 1345 847 1422 ejus
860 1342 1040 1422 adjectivi,
1069 1343 1156 1428 quod
1182 1346 1218 1405 in
1244 1344 1395 1428 precibus
1416 1333 1532 1431 c’t‘posor
1551 1365 1577 1409 s.
1599 1344 1795 1407 benevolum
1823 1346 1924 1431 signi·

223 1462 307 1530 fisse
350 1462 440 1523 Hinc
468 1465 540 1543 reip
566 1471 699 1545 mugeto
725 1480 785 1541 nep
812 1463 898 1525 ersir
926 1461 1108 1525 eadersiste
1133 1464 1351 1546 interpretor:
1383 1481 1481 1543 neque
1508 1471 1664 1540 maseato,
1690 1482 1788 1544 nepes
1817 1464 1924 1527 urticis

223 1552 414 1644 iateriedito
435 1582 504 1644 sive
524 1581 759 1664 interlopaitor.
801 1576 855 1640 sd
875 1577 937 1641 boc
957 1574 1169 1663 praeseptum
1189 1576 1361 1642 referenda
1380 1587 1429 1640 est
1448 1581 1588 1662 protasis
1608 1599 1661 1644 sse
1680 1581 1794 1645 meiero
1813 1599 1839 1643 s.
1860 1598 1924 1643 me·

223 1696 359 1781 galam)
374 1697 455 1778 fest,
477 1708 529 1762 ote
546 1697 660 1779 pi(r)si
680 1699 767 1760 ersir
787 1696 1000 1776 emerserant,
1028 1715 1091 1778 pro
1112 1715 1176 1778 quo
1203 1715 1377 1779 perperam
1396 1695 1602 1777 nedersesaep
1630 1697 1764 1782 legitur.
1805 1697 1926 1778 Quem·

224 1813 398 1878 admodum
417 1816 530 1900 paullo
552 1826 647 1879 antea
668 1817 829 1880 anserinis
849 1818 916 1880 iasr
935 1833 998 1898 pro
1020 1812 1234 1890 anseristows)
1254 1811 1499 1895 fastscriptum
1519 1823 1579 1886 est,
1599 1814 1646 1875 sic
1667 1815 1702 1874 in
1715 1814 1779 1881 fine
1798 1817 1926 1898 primas

223 1935 376 1996 sectionis
397 1935 536 1998 nlinsast
557 1953 596 1995 ex
618 1933 768 1999 aliasr‘ust
787 1954 813 1995 s.
836 1933 920 2020 eliste
939 1932 1010 2014 fast
1040 1940 1247 1995 contractum
1269 1949 1336 1992 esse
1356 1927 1499 1993 videtur.
1527 1928 1651 2011 Quodsi
1665 1931 1750 1996 alins
1770 1929 1926 1994 adverbio

223 2050 320 2115 aliter
339 2074 364 2114 e.
387 2071 477 2116 sensa
497 2048 682 2135 respondet,
703 2051 803 2116 disier
823 2069 905 2114 vero
926 2046 1057 2113 dativus
1077 2048 1214 2132 pluralis
1235 2058 1284 2110 est
1303 2049 1446 2110 nominis
1466 2044 1584 2128 τιζλεμ
1596 2047 1670 2115 h.e.
1685 2046 1806 2127 dictio;
1827 2050 1926 2114 disier

223 2169 376 2245 alineare,
409 2172 496 2233 sicut
521 2168 745 2231 Romanorum
773 2188 937 2256 augurum
964 2167 1169 2229 obnuntiatio
1197 2165 1341 2230 slio'die
1362 2165 1450 2251 (fiet)
1480 2163 1548 2244 Cic,
1570 2165 1654 2232 Pha.
1682 2166 1726 2248 11,
1743 2170 1808 2247 33,
1828 2169 1928 2232 irrita

224 2287 307 2350 dicit
327 2284 491 2370 loquendo
522 2287 596 2348 fieri
616 2288 772 2371 auspicia.
814 2285 911 2348 Hanc
935 2285 1241 2369 interpretationem
1269 2284 1463 2347 confirmare
1488 2281 1622 2385 videtur
1648 2283 1789 2349 secunda
1813 2287 1927 2364 sectio,

225 2409 260 2465 in
281 2425 344 2487 qua
366 2403 502 2484 dicitur,
525 2403 643 2487 quibam
663 2403 770 2468 modis
790 2405 889 2466 irrita
909 2403 989 2466 fiant
1009 2404 1130 2480 omnia,
1151 2398 1424 2484 quemadmodum
1443 2402 1543 2464 tertia
1561 2404 1662 2466 sectio
1682 2400 1796 2480 docet,¹
1810 2403 1929 2484 quibus
1989 2382 1990 2386 Ἰ

224 2531 297 2585 rata
316 2523 404 2586 fiant.
522 2497 523 2502 ἵ
905 2583 908 2588 ,

386 2642 418 2707 5.
461 2639 630 2704 Secundae
649 2643 803 2705 sectionis
824 2642 957 2704 initium
978 2659 1043 2702 non
1063 2639 1274 2726 intelligitur,
1301 2640 1367 2701 nisi
1388 2638 1512 2716 treteir,
1539 2638 1571 2702 h.
1593 2658 1622 2702 e.
1644 2625 1771 2718 tribuit,
1799 2636 1929 2720 praedi·

226 2767 335 2820 catum
354 2769 447 2840 putes
467 2760 608 2839 subjecti
628 2758 801 2839 arefertar,
828 2756 951 2838 versele
976 2775 1057 2819 vero
1079 2776 1104 2818 s.
1127 2754 1252 2819 verbale
1275 2755 1420 2831 ¹(scilicet
1443 2755 1605 2832 indiciam)
1633 2757 1814 2835 objectum,
1841 2753 1929 2819 unde

227 2872 429 2960 dependeant
449 2878 589 2962 genitivi
610 2895 701 2940 ocrer
718 2874 871 2956 peitaner
890 2894 916 2938 s.
938 2876 1025 2936 orcis
1042 2873 1189 2954 piandos.
1219 2871 1306 2937 ‘run
1324 2872 1404 2954 pafe
1423 2894 1448 2936 s.
1471 2874 1597 2955 quando
1618 2884 1651 2939 et
1670 2893 1739 2938 erse
1757 2895 1783 2941 s.
1803 2877 1929 2941 taretin
2056 2882 2061 2897 ”

226 2993 291 3055 sibi
317 2990 524 3076 respondent,
552 2994 639 3055 sicut
665 2993 864 3055 Latinorum
890 2992 1073 3083 particulae
1099 2994 1161 3056 etsi
1187 3000 1221 3054 et
1247 2999 1364 3065 tarnem
1400 2991 1526 3056 verbale
1552 3012 1634 3056 vero
1658 2993 1818 3074 indidisse,
1844 2995 1930 3058 sicut

184 3083 190 3089 ’
228 3119 377 3192 argutam
398 3107 483 3194 apud
506 3106 700 3172 Ciceronem
721 3108 760 3173 de
782 3107 884 3174 divin.
915 3109 960 3199 ll,
975 3113 1004 3175 2.
1026 3129 1052 3174 s.
1074 3108 1293 3189 adjutorium,
1325 3106 1413 3190 quod
1433 3119 1560 3171 certum
1587 3110 1714 3192 aliquid
1735 3120 1930 3191 eventurum

229 3224 364 3306 indicat,
386 3228 566 3311 opponitur
583 3235 679 3292 mato.
722 3225 1006 3310 Quemadmodum
1024 3228 1112 3288 enim
1131 3225 1269 3287 Romani
1289 3222 1467 3287 secundum
1486 3223 1624 3288 Paulum
1643 3225 1827 3288 Diaconum
1845 3236 1932 3292 rasis

228 3353 303 3406 exta
323 3344 541 3428 appellabant,
564 3362 606 3431 ⁰¹.
623 3344 742 3427 quibus
762 3345 849 3407 nihil
869 3343 1083 3408 divinationis
1104 3338 1405 3404 animadvertebant
1420 3341 1476 3420 (ci.
1501 3339 1569 3405 Cic.
1591 3340 1634 3404 ad
1653 3342 1730 3406 Div.
1751 3341 1845 3422 XVI,
1858 3344 1930 3423 l⁰);

229 3464 276 3522 sic
298 3463 333 3522 in
351 3462 417 3523 tine
438 3463 557 3524 tertiae
575 3460 707 3525 tabulae
727 3481 834 3543 para
856 3455 1043 3551 αρφερτερε
1064 3480 1115 3537 σι,
1147 3469 1181 3521 et
1200 3461 1236 3521 in
1255 3460 1319 3523 line
1338 3460 1495 3544 septimas
1515 3460 1646 3525 tabulae
1665 3458 1810 3543 erferter
1827 3471 1930 3528 meter

229 3582 308 3657 sine,
329 3579 361 3640 h.
384 3574 413 3642 e.
433 3580 671 3659 ,conjuncturas
689 3588 792 3644 mutae
812 3583 889 3659 sint,
910 3579 1045 3667 legitur.
1086 3576 1193 3640 Etiam
1212 3577 1361 3644 sisimile
1381 3597 1406 3642 s.
1429 3581 1640 3654 terminatum
1659 3589 1756 3661 etque
1774 3580 1877 3643 fixum
1897 3590 1931 3645 et

231 3697 378 3761 radersto
398 3718 424 3759 s.
446 3699 605 3761 vitiosum
625 3707 722 3780 atque
742 3699 889 3775 irritum,
918 3697 1011 3780 quasi
1032 3695 1200 3760 ruditatem
1218 3705 1317 3777 atque
1337 3695 1491 3775 utinm,
1518 3693 1632 3760 eodem
1652 3698 1722 3758 fere
1748 3694 1845 3758 modo
1865 3696 1930 3759 sibi

230 3825 459 3900 opponuntur,
489 3835 555 3898 quo
583 3826 751 3879 mnentren
782 3826 816 3879 et
840 3816 997 3880 silentiam
1024 3810 1111 3899 apud
1130 3813 1302 3876 Romanos.
1343 3810 1625 3894 Quemadmodum
1646 3814 1734 3876 enim
1753 3811 1930 3876 secundum

231 3930 425 3996 Ciceronem
446 3931 609 4004 dedivin.
632 3933 676 4011 Il,
693 3937 744 4000 st.
767 3946 800 3998 et
818 3934 950 3997 Festum
970 3952 996 3994 s.
1018 3952 1051 3996 v.
1072 3933 1235 3996 sinistrum
1255 3940 1288 3997 et
1307 3930 1435 3997 atensis
1448 3932 1587 4013 'tergere
1606 3934 1642 3992 iu
1662 3933 1817 4016 auspiciis
1836 3931 1931 3997 silen-

233 4052 308 4113 tiam
329 4049 511 4128 dicebatur,
533 4048 623 4133 quod
642 4054 732 4114 omni
751 4053 836 4115 vitio
857 4060 1004 4131 careret3
1035 4051 1083 4112 sic
1104 4059 1271 4114 reamissa
1297 4050 1335 4122 in
1353 4047 1588 4137 auguralibus¹
1602 4049 1803 4136 significabat
1829 4051 1931 4115 inter·

231 4168 418 4250 ruptionem
438 4169 593 4252 auspicii:
616 4177 666 4231 est
686 4179 795 4232 autem
815 4177 983 4233 manniam
1003 4186 1024 4230 a
1044 4168 1192 4261 masada
1213 4165 1349 4246 dictum,
1371 4164 1458 4230 unda
1479 4185 1583 4230 nator
1601 4164 1775 4232 deducitur
1794 4169 1931 4232 etadra·

230 4286 337 4363 mevit,
358 4284 391 4348 h.
414 4305 442 4349 e.
466 4304 634 4349 rumorem
654 4287 736 4350 iecit
754 4288 824 4351 sive
844 4295 1142 4350 commurmuratus
1163 4295 1212 4349 est
1231 4282 1318 4369 apud
1337 4284 1476 4348 Paulum
1496 4285 1680 4348 Diaconum
1702 4294 1735 4350 et
1754 4283 1927 4350 isidorum.

232 4401 418 4467 Secundum
440 4400 569 4466 Glossas
589 4416 718 4469 veteres
744 4405 871 4468 odrnmo
892 4414 926 4467 et
946 4423 1091 4467 coerano
1119 4401 1207 4466 idem
1226 4402 1422 4491 significant,
1452 4400 1539 4486 quod
1559 4396 1692 4489 φημὶζω
1711 4423 1736 4466 s.
1756 4402 1870 4488 vulgo,
1898 4412 1932 4464 et

235 4521 443 4604 rumigerulos
462 4520 551 4584 idem
579 4521 668 4606 quod
697 4525 875 4610 θρυλήηῑςε
906 4521 984 4585 hinc
1011 4521 1122 4584 Festus
1148 4523 1183 4583 in
1208 4519 1329 4584 Naevii
1353 4538 1453 4583 versu
1479 4516 1652 4584 Saturnio:
1696 4515 1817 4581 »Simul
1847 4518 1931 4580 alius

238 4638 387 4702 »aliunde
412 4642 563 4703 rumitant
591 4641 680 4703 inter
705 4654 770 4720 se«,
803 4641 941 4704 verbum
973 4642 1124 4704 remitam
1153 4640 1393 4721 interpretatur
1422 4640 1629 4722 remigarent,
1660 4632 1932 4718 quemadmodum

236 4752 365 4819 Nonius
385 4757 566 4821 Marcellus
587 4755 638 4822 ed.
660 4756 803 4821 Merces.
826 4777 899 4846 pag.
923 4758 993 4824 167.
1016 4758 1051 4819 in
1070 4755 1176 4819 Plant
1197 4755 1361 4840 Amphitr.
1381 4755 1542 4836 11,2,4e.
1564 4750 1750 4834 rumiferant
1770 4753 1852 4839 legit
1871 4770 1932 4835 pro

237 4876 424 4959 remisisset.
466 4875 505 4939 ln
525 4873 666 4964 Iguvina
686 4876 795 4941 tabula
814 4879 947 4965 augurii
966 4861 1087 4940 vitium
1115 4873 1206 4938 tader
1225 4884 1376 4953 vocatur,
1405 4884 1438 4938 st
1465 4892 1617 4961 magnum
1644 4867 1776 4955 quidem
1797 4868 1932 4934 rodense:
1979 4943 1981 4948 Ι

1674 5039 1697 5102 2
