4364 5754
823 492 1208 592 '...12..
1329 537 1333 543 ·

102 763 107 768 ,
150 758 155 766 ,
221 694 445 781 putavialiia
467 692 503 755 in
523 692 618 773 locis,
639 702 678 756 ut
698 691 761 773 IV,
772 711 803 768 a,
814 693 867 759 29.
879 692 931 760 37.
954 687 1062 777 σακρα
1082 692 1246 776 scriptum
1266 697 1334 768 eat3
1362 682 1469 776 ετραφ
1489 706 1571 753 vero
1592 686 1735 752 Umbros
1761 706 1825 772 pro
1845 688 1956 753 attera

222 812 358 893 dixisse,
382 809 659 896 quemadmodum
679 812 820 874 Romani
840 813 953 875 iterum
973 829 1036 895 pro
1058 808 1190 873 alterum
1212 807 1380 887 dicebant,
1401 817 1502 892 atqua
1522 807 1609 893 apud
1630 808 1818 874 Homerum
1837 801 1957 894 ἕτερος

222 932 279 1017 vel
295 932 438 994 alterum
450 931 496 994 Jl.
508 930 637 1010 XXIV,
651 933 722 998 528.
735 931 806 996 598.
819 929 875 992 val
896 929 1099 992 alterutrum
1108 928 1153 991 Jl.
1164 927 1209 1006 V,
1222 930 1293 995 258.
1306 927 1391 1007 288,
1410 921 1518 1010 ἕτεροι
1537 927 1594 989 vel
1613 927 1738 989 alteros
1747 925 1793 988 JI
1806 922 1886 1005 XII,
1896 928 1954 992 99.

222 1049 278 1114 vel
298 1049 479 1112 alterutros
499 1051 543 1115 Jl.
566 1048 642 1127 XX,
654 1051 725 1113 210.
747 1048 921 1134 significat,
943 1057 1034 1110 sexta
1055 1047 1168 1131 tabula
1188 1043 1296 1125 docet,
1318 1045 1378 1108 ubi
1398 1043 1462 1122 VI,
1474 1065 1505 1123 a,
1519 1046 1568 1111 18.
1591 1044 1685 1126 capis
1696 1043 1833 1126 perdita
1852 1041 1956 1123 duplo

224 1172 306 1247 aito,
328 1188 424 1232 sacro
444 1167 543 1249 dupla
564 1171 635 1233 cito
656 1167 803 1253 legitur..
835 1163 929 1229 Asea
949 1164 1012 1245 IV,
1029 1185 1059 1244 a,
1077 1167 1128 1231 37.
1152 1166 1236 1228 mihi
1257 1184 1333 1227 cum
1354 1182 1412 1228 aas
1424 1161 1480 1241 ¹V,
1497 1182 1527 1240 a,
1545 1164 1588 1242 4.,
1617 1159 1709 1253 quod,
1733 1154 1830 1249 εὐχὴν
1849 1162 1956 1248 signi-

224 1286 312 1366 ficat,
335 1295 514 1374 cognatum
535 1304 604 1347 esse
624 1282 771 1363 videtur,
793 1305 896 1367 quum
916 1303 983 1345 non
1003 1283 1112 1345 solum
1132 1282 1195 1363 VI,
1214 1302 1244 1361 a,
1262 1283 1312 1348 25.
1335 1283 1462 1367 copirso
1483 1280 1610 1360 sudata,
1632 1279 1666 1342 h.
1689 1299 1718 1345 a.
1740 1299 1817 1349 cum
1837 1277 1957 1363 capide

225 1405 423 1490 supplicato,
445 1401 624 1465 sedetiam
645 1401 708 1480 VI,
720 1422 750 1480 a,
762 1404 812 1467 tt.
836 1404 961 1482 capirse
980 1420 1076 1482 perso
1098 1411 1209 1481 osotu,
1238 1400 1272 1460 h.
1295 1419 1324 1464 e.
1347 1420 1423 1462 cum
1444 1397 1558 1483 capide
1578 1418 1693 1483 preces
1714 1399 1958 1482 orato,·scrip·

225 1533 299 1587 tum
320 1524 374 1601 sit,
397 1540 541 1604 quocum
562 1523 715 1583 conferre
736 1520 817 1581 licet
837 1518 981 1582 Homeri
1002 1539 1118 1582 versus
1137 1520 1180 1583 Jl.
1203 1514 1332 1595 XXIII,
1351 1521 1419 1585 196.
1441 1511 1549 1582 πολλὰ
1573 1511 1688 1582 δὲκαὶ
1708 1509 1958 1603 amatorios,-

227 1635 293 1724 etp
315 1634 421 1704 δέπαϊ
437 1631 602 1703 λιτάνευεν
623 1649 657 1702 et
676 1639 720 1701 Jl.
742 1634 872 1717 XXIV,
889 1640 961 1704 287.
983 1637 1120 1702 σπεῖσον
1139 1633 1202 1701 Διῒ
1218 1630 1321 1724 πατρὶ
1347 1631 1404 1699 καὶ
1425 1630 1518 1714 εὔχεο
1541 1643 1604 1699 cet.
1646 1632 1704 1696 Sic
1728 1631 1816 1718 apud
1838 1632 1959 1721 78ςί-

227 1757 313 1847 lium
335 1756 375 1821 G.
397 1756 458 1836 IV,
469 1759 541 1823 981.
564 1753 711 1839 Cyrene:
736 1755 861 1819 Oceano
883 1755 1023 1835 libemus,
1044 1739 1118 1834 ait,
1133 1754 1233 1816 simul
1254 1756 1324 1838 ipsa
1344 1763 1509 1839 precatur.
1551 1750 1745 1814 Notandum
1765 1760 1958 1830 astantem,

229 1873 329 1958 qnod,
352 1895 454 1958 quum
474 1877 510 1936 in
531 1885 622 1938 sexta
641 1874 755 1936 tabula
775 1874 859 1954 meso
879 1873 1148 1956 spefaatsovtna
1168 1872 1230 1951 VI,
1249 1892 1279 1951 a,
1298 1876 1318 1939 9
1340 1881 1374 1934 at
1395 1874 1444 1950 14.
1467 1872 1593 1952 ocriper
1611 1871 1719 1949 Fato,
1743 1877 1870 1952 totoper
1888 1870 1959 1951 ljo-

228 1994 303 2058 ot‘oo
323 2012 455 2054 sacrum
474 1993 543 2069 fiat,
576 1993 612 2052 in
641 2002 759 2072 quarta
790 2003 866 2055 exta
897 2013 974 2055 cum
1006 2012 1101 2055 masa
1131 1993 1242 2054 Fisovi
1269 2011 1331 2072 pro
1362 2000 1466 2054 monte
1485 1990 1577 2055 Fisio
1611 1989 1848 2074 porriciantnr,
1880 2007 1961 2051 cum

229 2108 346 2194 capide
376 2110 503 2172 libetur
520 2128 592 2189 ,pro
626 2117 696 2172 toto
726 2111 882 2191 Iguvium
923 2112 960 2171 in
990 2113 1130 2194 septima
1157 2119 1274 2172 contra
1305 2109 1418 2172 tabula
1455 2107 1535 2187 VII,
1554 2128 1585 2188 a,
1602 2110 1654 2175 37.
1688 2117 1764 2170 extu
1794 2116 1827 2170 et
1861 2126 1961 2170 masa

229 2231 336 2313 spissa,
372 2225 496 2290 dentur
537 2228 648 2289 Fisovi
688 2224 806 2288 Saneio
837 2247 900 2309 pro
931 2228 1050 2309 populo
1095 2230 1195 2291 tortas
1236 2228 1410 2309 Igooiaae,
1458 2248 1520 2309 pro
1564 2237 1634 2290 toto
1674 2227 1823 2309 Igooiaa.
1889 2225 1960 2290 Pro

229 2356 343 2410 monte
378 2347 466 2423 Fisio
497 2354 531 2409 et
573 2354 643 2408 tota
683 2344 824 2433 Iguvina
866 2346 902 2405 in
943 2356 1036 2408 sexta
1076 2345 1188 2408 tabula
1207 2419 1209 2424 .
1229 2365 1286 2407 sex
1328 2346 1444 2428 priora
1484 2345 1649 2407 sacrificia
1690 2344 1792 2423 fiunt,
1841 2353 1881 2407 ut
1923 2346 1961 2406 in

109 2457 117 2469 ⁶
228 2464 368 2548 septima
408 2463 522 2526 tabula
543 2483 610 2526 ,sex
651 2465 840 2548 posteriora
870 2464 1033 2526 sacrificia
1073 2459 1136 2548 pro
1167 2463 1292 2548 populo
1325 2465 1427 2526 totius
1458 2452 1655 2550 Iguvinae,
1684 2481 1747 2548 pro
1777 2472 1849 2525 tcta
1879 2462 1962 2550 Igu·

228 2585 325 2661 vina,
369 2580 427 2644 sed
460 2584 496 2643 in
526 2591 643 2665 quarta
679 2581 792 2645 tabula
823 2593 968 2665 quatuor
999 2583 1174 2666 postremis
1204 2582 1377 2643 sacrificiis
1407 2580 1492 2642 nihil
1524 2578 1686 2661 ejusmodi
1715 2578 1864 2643 additum
1895 2590 1961 2660 est,

230 2711 265 2765 et
285 2702 372 2763 sicut
391 2701 496 2764 verbo
516 2700 650 2780 perdito
671 2699 754 2782 fust,
794 2699 856 2778 Vl,
870 2720 900 2779 a,
911 2702 962 2766 42.
996 2698 1029 2760 h.
1052 2719 1081 2765 c.
1113 2670 1179 2763 rite
1197 2688 1430 2763 'merificatum
1461 2701 1517 2779 sit,
1549 2697 1638 2782 quod
1668 2701 1769 2761 etiam
1788 2697 1960 2777 1V‚s‚39.

231 2828 307 2880 ante
329 2816 561 2880 duodecimum
582 2819 782 2881 sacrificium
804 2817 943 2903 legitur,
965 2837 1021 2880 sex
1042 2820 1157 2902 priora
1178 2819 1342 2880 sacrificia
1361 2827 1581 2880 secernuntur
1600 2837 1620 2879 a
1640 2817 1804 2900 reliquis„
1817 2818 1864 2878 sic
1883 2826 1963 2900 post

231 2945 386 2998 octavum
407 2936 608 2997 sacrificium
628 2933 691 3010 IV,
701 2955 732 3013 a,
746 2937 776 3000 7.
800 2934 956 3020 legimus:
988 2955 1061 2998 casa
1083 2931 1169 3020 εκαῤ
1190 2933 1303 3013 atla}
1322 2955 1427 3022 psov,
1455 2933 1543 3017 quod
1563 2935 1647 2997 mihi
1667 2936 1742 3000 inde
1761 2955 1847 2998 mous
1865 2936 1963 3016 pina-

231 3054 291 3117 due
313 3056 375 3117 erit
396 3050 594 3116 vertendum
614 3051 761 3131 videtur,
785 3045 936 3136 quiaVI,
949 3072 979 3136 a,
992 3054 1091 3136 tosq.
1114 3072 1172 3115 eno
1194 3073 1273 3116 ocor
1289 3052 1386 3135 pilos
1406 3052 1651 3137 fustscriptum
1672 3063 1731 3132 est,
1753 3055 1847 3133 cujus
1868 3055 1965 3140 geni·

231 3174 321 3236 tirus
342 3169 450 3250 V1,b,
463 3174 511 3236 19.
535 3191 627 3235 ocrer
650 3171 788 3252 piltoner
815 3171 950 3258 legitur.
993 3169 1278 3252 Quemadmodum
1309 3170 1434 3234 ibidem
1463 3173 1640 3258 genitivus.
1653 3171 1768 3253 poples·
1793 3172 1965 3251 anferam

232 3285 364 3352 additus
387 3298 446 3366 est,
468 3290 516 3352 sic
538 3288 600 3367 IV,
612 3307 643 3366 a,
655 3292 708 3353 10.
727 3291 852 3374 legitur
871 3309 954 3353 aava
975 3288 1114 3371 πεπλθμ
1135 3286 1271 3377 αφερθμ
1294 3291 1405 3376 lapsae
1427 3299 1461 3352 et
1473 3287 1535 3367 VI,
1549 3291 1646 3367 α,18.
1660 3308 1743 3371 pont
1754 3288 1852 3371 poplo
1866 3288 1964 3371 ufaro

233 3404 354 3483 demes,
387 3414 462 3489 post
482 3402 571 3487 quod
592 3404 695 3467 verba
716 3407 810 3491 aFap
832 3402 1008 3490 ανξεριατε
1028 3427 1105 3485 see,
1126 3405 1309 3498 περναιαφ,
1340 3426 1528 3496 πθστναιαφ
1548 3409 1605 3471 vel
1631 3407 1708 3486 ooif
1724 3410 1865 3472 oserioto
1894 3417 1963 3488 etas,

232 3543 349 3594 semro
371 3521 525 3604 stipium,
553 3524 629 3604 posi
650 3541 742 3585 ocrer
760 3520 896 3604 pidoner
917 3531 978 3586 cet.
1001 3523 1143 3586 aliorum
1163 3526 1403 3588 sacrificiorum
1424 3524 1466 3588 ad
1485 3525 1603 3610 populi
1628 3527 1851 3610 expiationem
1871 3530 1966 3611 spec·

173 3647 181 3658 '
232 3643 377 3708 tantiam
397 3640 533 3704 initium
554 3639 712 3707 indicant
924 3645 927 3650 ’
1524 3728 1528 3736 A

397 3761 427 3826 5.
472 3758 625 3841 Quatuor
646 3769 793 3824 extrema
814 3760 979 3824 sacrificia
1000 3758 1043 3822 ad
1064 3760 1181 3845 populi
1210 3760 1432 3845 expiationem
1462 3762 1605 3825 maxime
1633 3770 1798 3848 spectare,
1828 3769 1965 3846 praeter

232 3877 299 3938 alia
318 3880 409 3940 inira
430 3876 820 3964 demonstrandapreces
841 3877 974 3959 docent,
998 3899 1081 3963 quae
1102 3882 1138 3941 in
1159 3890 1251 3942 sexta
1272 3881 1476 3963 septimaque
1499 3879 1620 3942 tabulis
1635 3878 1676 3943 ad
1696 3879 1783 3942 mala
1803 3899 1967 3944 averrun-

233 3992 336 4056 canda
355 3996 457 4073 fiunt,
489 4007 587 4080 atque
609 4018 650 4060 ex
671 3998 722 4061 his
744 4007 899 4080 quartum
919 3999 974 4077 fit,
996 3997 1215 4064 casanaula
1237 3994 1338 4085 ατερα
1359 4018 1449 4087 psov
1470 3997 1532 4077 IV,
1545 4019 1575 4079 a,
1586 4001 1639 4064 to.
1668 4001 1738 4062 sive
1756 4018 1840 4081 pene
1864 4000 1966 4082 poplo

234 4111 370 4175 aodirso
391 4110 461 4190 fuet
483 4112 563 4191 VII,
574 4134 605 4192 a,
617 4119 667 4180 46.
696 4115 728 4180 h.
754 4135 781 4179 e.
811 4113 941 4198 quando
970 4117 1094 4202 populo
1122 4115 1286 4181 indictum
1313 4119 1425 4179 fuerit.
1469 4118 1534 4180 His
1561 4119 1650 4197 enim
1678 4117 1790 4181 verbis
1817 4137 1893 4181 cum
1922 4120 1966 4181 iis

235 4231 451 4313 comparatis,
481 4249 563 4312 quae
584 4229 683 4294 modo
703 4232 856 4314 laudavi,
885 4255 953 4297 non
972 4235 1082 4297 solum
1101 4250 1184 4299 aava
1206 4245 1240 4298 et
1258 4253 1341 4301 aava
1362 4232 1495 4298 eaedem
1516 4238 1587 4297 lere
1609 4236 1876 4316 conjdnctionea,
1906 4234 1966 4299 sed

235 4349 335 4436 etiam
355 4349 493 4429 πεπλεμ
514 4356 549 4410 et
568 4346 682 4412 asnia
703 4350 806 4414 iidem
828 4373 920 4429 casus
942 4353 1064 4416 locales
1085 4363 1317 4440 agnoscuntur.
1360 4341 1452 4416 Hinc
1468 4347 1568 4439 ατερα
1581 4373 1702 4417 nomen
1723 4355 1965 4418 substantivum

234 4486 303 4531 csse
322 4464 467 4545 videtur,
489 4464 707 4529 indictionem
729 4467 919 4557 designans,
942 4481 976 4534 at
998 4469 1275 4554 quemadmodum
1296 4470 1394 4561 ατερα
1413 4491 1476 4556 pro
1498 4472 1630 4535 ondirso
1651 4475 1813 4556 scriptum
1834 4483 1891 4550 est,
1912 4472 1965 4535 sic

234 4581 411 4674 suadeas,
434 4583 533 4666 ofero'
555 4605 618 4671 pro
647 4585 806 4665 anferam,
841 4587 946 4671 quod,
980 4592 1059 4672 quia
1087 4590 1256 4669 anfereacr
1283 4589 1420 4653 eandem
1450 4592 1522 4652 fare
1547 4592 1619 4654 vim
1645 4589 1798 4654 habuisse
1819 4588 1965 4667 videtur,

236 4721 333 4783 quam
352 4678 499 4784 pidoner,
521 4701 693 4768 lustrando
715 4703 913 4769 vertendum
932 4710 1058 4797 putari.
1102 4709 1194 4771 Hinc
1215 4707 1352 4790 inferum
1372 4711 1489 4771 vinum
1508 4709 1644 4793 scripsit
1655 4707 1777 4795 Paulus
1798 4711 1965 4774 Diaconos

235 4839 297 4929 pro
317 4825 397 4886 vino
417 4821 537 4904 inferio
558 4827 593 4888 in
614 4821 742 4887 libandi
775 4825 921 4889 formula
948 4824 1037 4910 apud
1066 4824 1290 4894 Catonemli.
1312 4828 1350 4891 R.
1372 4828 1442 4895 1³2.
1464 4830 1532 4894 134.
1576 4825 1729 4910 Jupiter!
1763 4840 1865 4895 macte
1892 4833 1964 4895 nino
