4364 5754
982 602 1024 636 .:.
1066 590 1107 656 17
1146 619 1188 635 ..-

221 754 349 838 „Quasi
363 772 451 818 *vero
473 750 609 839 corpori
630 754 808 838 reliqueris
830 750 905 816 Tuo
926 755 1123 865 potestatem
1145 750 1348 820 eoloris'eiili
1369 753 1532 840 capiendi,
1554 755 1684 836 mela“;
1708 768 1806 838 atque
1825 757 1951 821 Teren·

221 877 307 938 tium
328 873 477 937 Eunuch.
500 874 546 952 V,
559 878 590 953 6,
602 875 632 939 9.
655 872 768 952 „Mihi
791 871 879 936 solue
900 871 1045 947 ridiculo
1066 874 1143 951 tuit,
1164 892 1259 954 queo,
1283 872 1363 956 qnid
1384 876 1530 953 timeret,
1552 872 1738 955 sciebam“;
1761 875 1884 938 Heaut
1902 875 1950 957 11,
2031 864 2036 883 “
2080 911 2083 917 -

220 995 253 1072 ³,
265 996 307 1058 30
329 1013 378 1075 sq.
401 992 499 1071 „Hoc
521 993 592 1076 ipsa
614 994 650 1053 in
670 994 793 1053 itinere
813 975 935 1054 diterae
955 989 1045 1052 Dum
1066 989 1193 1069 nirrat,
1214 992 1303 1057 forte
1315 991 1474 1072 ·audivi“;
1496 992 1598 1056 Andr.
1622 993 1682 1072 III,
1694 997 1725 1073 5,
1737 995 1758 1058 2
1772 1015 1818 1078 sq.
1842 995 1952 1074 „Tam

223 1114 348 1190 „iners‚
370 1121 438 1174 tam
459 1110 541 1174 nulii
564 1110 686 1172 consili⁴
703 1109 811 1188 snm“;
833 1129 909 1171 eum
929 1110 1092 1171 Lucretio
1113 1107 1266 1188 111,991.
1300 1109 1391 1188 „Ant
1419 1109 1504 1174 elide
1529 1112 1623 1190 cujus
1650 1111 1852 1174 desiderium
1872 1114 1951 1204 insi·

222 1227 323 1308 „deit
344 1227 432 1308 rei“‚
455 1232 624 1313 proferam
645 1229 836 1292 Varronem
856 1229 893 1292 li.
908 1228 944 1291 ll.
958 1227 1028 1306 1,2,
1042 1231 1091 1293 19.
1113 1226 1333 1306 „lustitntum
1354 1227 1485 1294 diversa
1502 1227 1547 1291 'de
1569 1250 1677 1309 cauea,
1698 1224 1737 1293 ut
1758 1251 1799 1298 ex
1816 1232 1953 1314 caprino

223 1367 368 1434 „genere
390 1346 432 1410 ed
453 1348 516 1411 aiii
533 1345 587 1409 dei
610 1367 702 1439 eram
724 1348 832 1409 hostia
851 1345 1085 1425 adduceretur,
1115 1343 1157 1407 ad
1179 1346 1237 1410 ulii
1257 1365 1329 1407 non.
1345 1332 1632 1427 sacrificaretur“;
1666 1345 1886 1410 Columellam
1908 1348 1953 1427 V,

223 1467 273 1544 ll,
298 1468 347 1529 10.
381 1465 527 1548 „Aptato
555 1468 615 1543 ita,
648 1476 686 1528 ut
717 1466 839 1533 alterae
870 1462 1053 1528 delibratae
1084 1467 1172 1548 perti
1204 1462 1420 1544 conveniat“;
1451 1465 1617 1549 Nepotem
1645 1465 1737 1528 Eum.
1761 1469 1790 1531 1.
1816 1467 1876 1528 sub
1897 1467 1954 1529 fin.

223 1579 398 1661 „Praefuit
419 1587 520 1647 etiam
541 1584 663 1647 alterae
684 1587 836 1666 equitum
856 1582 972 1661 alae“;
1001 1593 1099 1666 etque
1118 1582 1256 1645 Livium
1277 1580 1410 1655 Xx1v,.
1428 1585 1480 1648 27.
1503 1584 1563 1646 sub
1585 1585 1640 1648 fin.
1677 1583 1786 1662 „aliem
1814 1582 1953 1667 partis“.

223 1697 273 1762 Gi.
298 1698 388 1766 Caes.
410 1702 447 1763 B.
472 1701 511 1765 st
534 1701 579 1782 V',
601 1706 662 1768 27.
676 1722 716 1765 ex
738 1700 817 1807 edit.¹
841 1700 926 1767 Oud.

388 1840 438 1904 18.
483 1839 557 1922 lpee
579 1836 699 1901 Cicero
721 1858 783 1922 pro
805 1836 855 1899 M.
870 1836 984 1899 Tullio
1006 1834 1409 1906 secundum‘Priecienum
1430 1836 1580 1920 scripsit:
1605 1835 1705 1914 „Hoc
1726 1834 1889 1917 judicium
1909 1840 1957 1900 sic

223 1930 468 2039 „exspectatum
490 1967 616 2019 utnon
637 1977 720 2019 unae
740 1958 792 2017 rei
813 1957 926 2033 stetui,
948 1952 1006 2018 sed
1027 1955 1180 2017 omnibus
1202 1955 1359 2016 constitui
1381 1950 1558 2038 putetur“;
1591 1953 1744 2037 idemque
1765 1953 1807 2016 ed
1827 1955 1958 2018 Heren-
2036 1936 2040 1942 ¹

222 2075 316 2136 nium
336 2073 400 2151 IV,
423 2075 474 2139 te.
498 2083 581 2134 extr.
627 2074 729 2152 „Non
757 2093 810 2135 res
840 2082 928 2136 totae
955 2075 1008 2135 rei
1035 2092 1166 2136 necesse
1193 2072 1382 2134 estsimilis
1403 2071 1483 2135 sit“.
1527 2072 1596 2134 Hic
1623 2075 1660 2133 in
1680 2075 1804 2136 nostris
1825 2071 1958 2156 quidem

222 2190 424 2255 editionibus
448 2193 511 2254 toti
531 2190 667 2277 legitur,
696 2188 753 2252 sed
774 2188 816 2252 de
831 2189 941 2255 divin.
974 2190 1017 2269 11,
1040 2193 1089 2255 13.
1123 2187 1245 2272 ,filiae
1265 2188 1400 2274 pecudis
1421 2191 1516 2271 jecur
1537 2189 1682 2253 nitidum
1703 2202 1801 2274 atque
1821 2192 1959 2277 planum

222 2320 309 2389 „est,
332 2310 416 2372 oliae
437 2307 614 2371 horridum
635 2320 669 2372 et
690 2309 812 2375 exile“.
843 2307 1127 2390 Quemadmodum
1148 2308 1269 2370 Paulus
1291 2286 1386 2370 Diad.
1411 2328 1452 2378 ex
1473 2302 1567 2390 Festo
1590 2312 1770 2393 excerpsit:
1794 2284 1960 2389 „Alimdi

220 2446 310 2512 „pro
332 2427 515 2502 aliusmodi:
536 2431 584 2489 sic
607 2422 726 2490 Cicero
749 2427 835 2490 dixit
857 2429 993 2494 cuimodi
1015 2438 1049 2490 ot
1071 2429 1271 2505 cuicuimodi,
1295 2425 1377 2490 Cato
1398 2446 1491 2505 vero,
1513 2429 1571 2508 qui
1591 2429 1627 2487 in
1649 2430 1759 2511 primo
1782 2427 1961 2517 Originum

222 2546 418 2629 scripserat:
449 2546 526 2626 „De
547 2549 639 2610 omni
660 2546 847 2609 Tusculana
869 2550 1006 2611 civitate
1027 2546 1090 2609 soli
1110 2547 1197 2606 Luci
1219 2544 1342 2605 Manili
1364 2545 1562 2606 beneficium
1582 2554 1715 2630 gratum
1736 2544 1837 2624 fuit“,
1870 2529 1904 2609 et
1924 2548 1960 2607 in

222 2661 379 2725 secunda:
424 2664 516 2746 „Qui
538 2667 700 2748 tantisper
721 2664 829 2727 nullae
850 2666 902 2725 rei
923 2667 999 2741 sios,
1030 2660 1109 2723 dum
1130 2663 1182 2723 nil
1210 2649 1325 2749 agas“,
1360 2664 1463 2724 etiam
1490 2661 1627 2725 illimodi
1656 2672 1689 2724 et
1708 2664 1851 2726 iotimodi
1871 2661 1960 2747 apud

222 2779 381 2845 Priscian.
404 2801 478 2868 pag.
502 2786 574 2847 694.
618 2781 733 2863 ltaque
754 2800 820 2842 non
842 2762 1030 2840 mirandum
1053 2789 1112 2856 est,
1142 2777 1232 2861 quod
1252 2777 1372 2863 Umbri
1393 2799 1463 2841 erer
1484 2788 1517 2840 et
1535 2799 1619 2841 ‘erar
1639 2797 1770 2862 quoque
1790 2799 1853 2864 pro
1874 2801 1959 2843 mas·

224 2899 338 2961 culino
361 2910 395 2962 et
416 2901 576 2960 feminino
599 2902 667 2979 ejus
688 2896 843 2960 dixerint.
887 2898 925 2960 In
947 2895 1061 2958 dativo
1083 2905 1200 2958 contra
1220 2894 1355 2959 Umbris
1383 2915 1444 2981 per
1465 2897 1532 2959 trie
1559 2915 1681 2984 genera
1701 2916 1753 2959 ere
1782 2896 1960 2962 dicendum

144 3097 146 3100 ι
223 3018 336 3094 fuisse,
360 3037 400 3077 ex
422 3035 462 3077 eo
485 3017 667 3102 colligitur,
695 3014 783 3099 quod
806 3013 937 3077 dativus
958 3014 1136 3102 singularis
1157 3016 1372 3100 numeri,per
1394 3017 1506 3080 omnia
1525 3017 1630 3078 trium
1650 3018 1837 3102 primarum
1858 3015 1960 3080 decli·

222 3136 396 3196 nationum
418 3154 540 3220 genera
561 3137 597 3195 in
618 3155 635 3196 e
656 3136 736 3213 exit,
758 3144 797 3197 ut
815 3133 911 3216 puple
932 3132 1097 3218 (populo),
1121 3142 1187 3197 tote
1208 3134 1333 3214 ljooiue
1352 3133 1432 3213 (toti
1453 3133 1640 3222 Iguvinae),
1661 3154 1771 3199 nomm
1791 3136 1958 3217 (nomini).

223 3244 380 3338 Legimus
401 3253 490 3312 enim
512 3234 592 3329 vn,
614 3271 645 3330 a,
668 3255 708 3317 13
730 3272 776 3335 sq.
1367 3239 1371 3246 '

303 3356 458 3453 Prestoto
479 3361 727 3470 SerfioSerfer
746 3387 906 3452 Murtier!
927 3387 1004 3469 futu
1025 3387 1103 3469 fone
1121 3358 1220 3469 pueer
1238 3408 1319 3470 pose
1340 3398 1398 3453 tito

305 3477 455 3589 Prestote
477 3503 582 3567 Serfia
602 3503 687 3568 Serfi
708 3505 844 3567 Martii!
870 3514 940 3598 esto
960 3506 1078 3569 volens
1098 3509 1246 3593 propitia
1266 3526 1348 3593 pace
1371 3517 1438 3606 tua·

302 3643 398 3723 puple
431 3651 519 3705 totor
551 3643 708 3723 ljooinar,
744 3651 810 3705 tote
840 3642 977 3724 Ijooine,
1014 3661 1098 3734 eroop
1129 3662 1249 3719 nomae,
1282 3663 1356 3706 erar
1387 3629 1507 3707 noune.

303 3761 554 3846 populo'totius
576 3761 749 3848 iguvinae,
772 3764 837 3823 toti
858 3761 1028 3849 Iguvinae,
1051 3780 1169 3823 eorum
1190 3763 1328 3840 nomini,
1352 3762 1423 3840 ejus
1444 3759 1582 3825 nomini.

224 3892 404 3979 eodemque
425 3894 524 3959 modo
547 3895 738 3975 V1‚b,3o.
761 3899 811 3962 to.
834 3899 885 3962 59.
908 3894 971 3974 Vl,
994 3916 1025 3973 a,
1048 3900 1086 3960 ll
1109 3917 1156 3979 sq.
1177 3898 1220 3961 32
1240 3917 1287 3981 sq.
1438 3986 1439 3989 Ἴ

306 4032 395 4096 Fato
415 4030 520 4111 fotu)s
539 4051 638 4111 parer
656 4051 734 4111 paee
758 4041 814 4094 tua
835 4050 909 4094 ocra
929 4030 1060 4112 Fieiie),
1084 4043 1151 4096 tote
1171 4034 1310 4114 ljooiue,
1332 4023 1402 4095 erer
1422 4048 1543 4111 nomae,
1565 4048 1639 4092 erar
1658 4047 1777 4094 eumue.

305 4147 382 4210 Esto
404 4148 520 4211 volens
542 4150 710 4232 propitius
730 4169 811 4233 pecc
832 4160 891 4211 tua
910 4153 1017 4212 monti
1030 4151 1131 4232 Fisio,
1153 4153 1217 4213 toti
1232 4149 1402 4238 Iguvinae,
1425 4148 1518 4210 illius
1539 4149 1679 4225 nomini,
1701 4148 1800 4229 hujus
1820 4149 1958 4214 nomini.

224 4263 509 4347 Quemadmodum
530 4269 566 4328 in
588 4267 639 4328 hie
661 4287 732 4330 erer
752 4266 794 4329 ed
815 4278 961 4330 montem
982 4270 1106 4330 Fisium
1127 4271 1285 4349 refertur,
1312 4270 1360 4330 sio
1389 4269 1424 4329 in
1446 4268 1516 4330 illie
1538 4287 1620 4330 eroon
1641 4265 1684 4329 ad
1705 4267 1866 4352 populum
1888 4277 1960 4330 tan·

219 4403 324 4468 qnam
345 4360 517 4445 hominum
539 4384 806 4447 multitudinem:
838 4406 915 4448 nem
937 4373 1104 4475 genitivus
1124 4387 1267 4472 pluralis
1288 4406 1371 4450 erem
1392 4405 1455 4470 pro
1476 4386 1640 4475 singulari
1661 4396 1800 4450 ererest
1820 4369 1958 4470 positus.

225 4500 382 4566 Ceterum
405 4501 598 4565 Umbrioam
617 4507 765 4592 linguam
785 4504 925 4567 Latinae
952 4507 989 4567 in
1011 4524 1051 4567 eo
1073 4492 1291 4591 respondisse,
1320 4502 1411 4588 quod
1431 4516 1589 4570 neutrum
1617 4524 1719 4593 genus
1739 4512 1873 4588 praeter
1891 4512 1960 4566 tres

224 4623 349 4686 similes
371 4624 460 4686 iuter
481 4641 515 4684 se
538 4642 641 4700 casus,
663 4625 722 4707 qui
742 4626 779 4684 in
800 4623 926 4708 plurali
946 4641 1086 4686 numero
1108 4624 1145 4684 in
1165 4643 1186 4685 o
1206 4621 1262 4684 vel
1282 4642 1301 4684 e
1321 4633 1454 4704 exeunt,
1476 4622 1594 4688 eodem
1614 4620 1726 4699 modo,
1748 4639 1813 4704 quo
1834 4637 1961 4681 maecu-

110 4727 112 4731 ’
225 4737 343 4820 linum,
365 4741 523 4816 flectitur,
544 4739 621 4802 finis
641 4760 780 4824 precum
798 4762 890 4807 nuno
912 4738 1123 4824 exponendus
1144 4738 1251 4803 docet.

393 4877 442 4941 19.
486 4860 636 4940 Primum
657 4876 720 4940 hae
740 4888 808 4941 tres
829 4896 943 4962 preces
964 4878 1054 4941 inter
1074 4897 1109 4941 se
1130 4884 1381 4962 comparentur:

1693 4957 1714 5024 3
