4364 5754
915 580 1161 681 ..354

112 770 116 777 ⁸
174 791 241 853 nisi
260 781 374 851 addito
396 784 464 847 alio
485 783 651 846 abstracto
671 779 814 859 nomine,
837 777 936 863 quod,
958 780 1074 842 sinon
1095 781 1132 840 in
1152 797 1180 841 m
1201 779 1256 843 vel
1276 798 1322 844 me
1342 779 1474 860 desinit,
1496 781 1581 845 hanc
1598 783 1731 846 literam
1742 784 1898 863 abjecisse

174 902 358 993 putandum
380 911 438 964 est.
482 899 539 963 Sic
559 901 728 979 Faaapev,
755 917 913 978 eoevapav
940 917 998 962 asa
1026 897 1144 975 11,20.,
1172 894 1229 958 sed
1254 893 1376 984 ρεστεφ
1404 919 1504 965 soevo
1525 919 1624 986 pasta
1648 900 1711 980 IV,
1720 922 1749 980 a,
1762 906 1791 967 9.
1815 913 1899 967 reste

171 1042 270 1090 esoao
291 1023 378 1105 [situ
399 1017 579 1098 vl,a,47.,
611 1020 698 1080 sicut
730 1015 847 1095 trabes
873 1014 986 1078 sabate
1013 1014 1094 1079 vitia
1123 1013 1190 1093 trif
1212 1013 1302 1094 faeta
1322 1015 1401 1096 VII,
1413 1037 1443 1097 a,
1455 1019 1505 1082 41.
1532 1038 1595 1102 pro
1622 1014 1684 1101 τρα
1711 1039 1791 1086 ocra
1811 1018 1896 1108 τρεφ

173 1141 305 1228 Festum
332 1159 429 1230 petre
460 1137 524 1216 IV,
537 1157 567 1216 a,
577 1130 642 1216 31,
673 1144 772 1217 atque
804 1134 894 1215 antt
921 1131 1051 1222 περαεμ
1076 1130 1222 1196 attonsa
1248 1153 1347 1220 patra
1375 1132 1419 1214 ΙΙ,
1430 1138 1495 1215 32.,
1526 1138 1614 1199 sicut
1640 1137 1708 1202 aFe
1728 1136 1900 1222 περακνεμ

170 1257 302 1347 naboan
321 1277 423 1346 (petra
444 1257 490 1334 V,
502 1275 532 1333 a,
547 1257 585 1318 10
606 1274 653 1336 sq.
676 1272 739 1336 pro
761 1248 905 1339 περακνε
926 1271 1010 1337 spate
1030 1286 1072 1299 -
1092 1248 1195 1339 περαε
1217 1271 1301 1339 para
1322 1253 1366 1330 V,
1379 1272 1409 1331 a,
1424 1254 1462 1318 12
1482 1275 1527 1337 sq.
1549 1257 1711 1340 scriptum
1732 1256 1865 1343 legitur.

338 1378 390 1443 38.
434 1373 472 1436 Si
494 1372 686 1459 diligentius
706 1373 742 1433 in
762 1369 930 1432 diversum
955 1389 1089 1431 casuum
1109 1388 1205 1430 usum
1226 1370 1446 1450 inquiramus,
1469 1371 1608 1434 alterum
1629 1371 1670 1435 de
1691 1373 1801 1453 rebus,
1823 1376 1896 1458 qui·

169 1497 233 1558 bus
254 1497 376 1582 agitur,
399 1494 542 1556 alterum
563 1489 604 1553 de
625 1489 735 1566 rebus,
758 1488 877 1571 quibus
898 1486 1110 1566 sacrabunt,
1132 1488 1297 1571 imprimis
1318 1498 1514 1572 usurpatum
1536 1494 1751 1575 reperiemus.
1794 1493 1894 1556 Hunc

171 1611 306 1696 quidem
328 1631 439 1674 casum
461 1609 644 1672 ablativum
665 1605 949 1670 instrumentalem
971 1602 1082 1666 dicere
1104 1605 1200 1685 licet3
1233 1604 1290 1668 sed
1315 1609 1367 1669 vis
1387 1607 1527 1685 alterius
1547 1628 1641 1671 casus
1669 1611 1768 1674 latius
1788 1621 1894 1696 patet:

172 1750 250 1793 nam
270 1731 368 1792 finem
390 1748 522 1813 quoque
543 1728 682 1790 actionis
704 1735 738 1788 et
758 1724 869 1787 locum
889 1723 945 1785 vel
966 1731 1112 1806 tempus,
1143 1743 1208 1806 quo
1230 1722 1310 1806 quid
1332 1726 1459 1812 agitur,
1489 1724 1632 1804 indicat,
1659 1748 1721 1791 nec
1747 1748 1827 1791 raro
1855 1726 1897 1790 ad

170 1846 323 1910 dativum
344 1847 482 1930 propius
501 1841 641 1909 accedit.
684 1842 774 1904 Hinc
796 1860 857 1925 pro
880 1840 997 1915 locali,
1017 1839 1109 1922 quod
1129 1860 1268 1920 nomen,
1298 1851 1375 1904 uta
1396 1845 1523 1926 potiori
1543 1844 1640 1907 fieret
1661 1843 1895 1926 denominatio,

172 1969 209 2028 in
229 1964 401 2050 prioribus
423 1962 522 2041 hujus
543 1963 652 2046 operis
681 1960 855 2045 particulis
885 1959 988 2046 elegi,
1021 1961 1145 2022 rectius
1172 1962 1310 2022 fortasse
1338 1958 1610 2024 determinatione
1638 1973 1788 2026 vocatur.
1830 1961 1896 2026 Sed

171 2080 333 2166 quicquid
354 2079 390 2145 id
411 2091 471 2165 est,
493 2081 689 2165 quomelius
710 2079 919 2164 intelligatur
940 2096 1074 2138 casuum
1095 2077 1234 2139 illorum
1251 2076 1451 2156 differentia,
1473 2088 1611 2162 quartae
1620 2080 1751 2143 tabulae
1761 2083 1896 2144 initium

168 2220 249 2264 cum
269 2201 338 2263 alio
359 2200 435 2262 loco
456 2218 649 2284 comparare
671 2198 781 2274 liceat,
803 2197 861 2258 ubi
883 2194 996 2257 eadem
1017 2198 1088 2258 lere
1109 2199 1272 2260 sententia
1293 2195 1426 2260 diverso
1447 2197 1546 2262 modo
1569 2201 1769 2265 enuntiatur.
1810 2200 1897 2263 Ver·

170 2319 224 2381 bis
244 2337 339 2412 spve
359 2314 573 2406 περσκλθμ
595 2314 657 2394 IV,
669 2315 701 2393 b,
714 2320 743 2380 l.
772 2323 839 2378 este
864 2314 989 2395 pareclo
1009 2314 1071 2393 VI,
1084 2314 1116 2394 b,
1130 2321 1158 2380 l.
1181 2316 1255 2378 finis
1277 2314 1455 2395 indicatur,
1486 2315 1527 2378 ad
1549 2338 1647 2398 quem
1668 2320 1780 2380 omnia
1801 2339 1897 2402 prae·

172 2445 279 2520 cepta,
302 2454 386 2517 quae
406 2445 599 2518 sequuntur,
622 2435 817 2517 respiciunt,
840 2443 938 2515 atque
958 2432 1070 2495 verbis
1093 2433 1190 2508 och
1211 2429 1455 2518 ανξεριατες
1481 2452 1593 2496 avesa
1615 2436 1686 2497 sive
1714 2437 1802 2499 noeis
1829 2456 1895 2499 aas·

171 2557 276 2619 rialer
295 2562 389 2617 enatat
409 2551 470 2631 VI,
482 2553 515 2632 b,
531 2558 570 2629 l.,
594 2549 674 2633 quid
695 2553 841 2634 primum
863 2548 905 2611 ad
926 2550 1157 2611 lustrationem
1178 2548 1342 2636 agendum
1361 2552 1416 2614 sit.
1460 2549 1526 2612 Sed
1545 2551 1657 2614 verbis
1683 2550 1758 2640 πρε
1779 2550 1896 2642 Ὲερες

169 2669 406 2760 abartianas
426 2673 497 2734 sive
510 2689 574 2751 pre
594 2671 698 2732 vereir
727 2667 902 2731 treblnneir
922 2667 982 2740 VI,
993 2668 1025 2746 b,
1035 2669 1088 2732 22.
1113 2678 1240 2753 tempus
1269 2672 1372 2754 primi
1398 2670 1555 2733 sacrificii
1582 2671 1798 2758 significatur,
1826 2670 1895 2760 vde
2011 2712 2018 2721 .‚

169 2794 256 2877 βεφ
277 2791 349 2853 sive
372 2787 436 2867 dos
455 2787 539 2867 treis
557 2785 677 2860 (tribus
698 2785 814 2863 bubos)
835 2786 914 2848 Jovi
935 2783 1103 2848 Grabovio
1126 2785 1284 2865 faciundi,
1307 2797 1404 2870 atque
1424 2808 1485 2873 pro
1507 2790 1549 2851 iis
1570 2791 1672 2852 etiam
1693 2792 1815 2855 veriaco
1832 2799 1895 2854 tre-

168 2908 280 2971 blanir
300 2906 363 2985 VI,
373 2905 407 2985 b,
420 2910 470 2971 19.
493 2896 587 2984 att.
610 2904 788 2979 scribitur,
809 2906 838 2965 si
860 2902 901 2964 ad
923 2912 1051 2988 tempus
1073 2904 1180 2966 solum
1201 2908 1396 2988 respicitur,
1425 2906 1534 2986 verofe
1556 2907 1701 2971 treblano
1723 2907 1786 2987 VI,
1799 2909 1892 2988 ult.

171 3035 291 3089 contra
316 3027 387 3088 sive
413 3021 570 3109 Fadana
596 3021 807 3111 τρεπλανυ
836 3021 899 3101 IV,
912 3043 941 3101 a,
952 3025 995 3101 9.,
1024 3024 1052 3084 si
1074 3043 1176 3110 genus
1203 3043 1374 3085 sacrorum
1400 3035 1576 3108 spectatur.
1619 3025 1710 3088 Hinc
1730 3025 1897 3104 1v,a‚38.

169 3147 330 3226 Σαταμε
360 3139 541 3229 κυΡερτε
573 3159 704 3225 quoque
735 3144 806 3205 sive
839 3139 948 3205 Treba
975 3139 1119 3204 sabotam
1151 3150 1281 3204 reverto
1301 3141 1483 3220 vinata.
1517 3144 1619 3205 scribi
1650 3145 1778 3228 potuit,
1809 3147 1896 3208 sicut

168 3259 329 3348 Γερεφε
355 3260 568 3347 adesleve
597 3257 779 3338 aaFadra
809 3258 954 3337 1v‚a.9.
984 3261 1055 3323 sive
1084 3259 1194 3340 verofe
1222 3259 1366 3323 treblano
1397 3270 1526 3323 reverto
1553 3260 1616 3340 Vl,
1629 3281 1659 3340 a,
1671 3264 1721 3328 47.
1771 3261 1896 3343 Quodsi

169 3379 297 3444 ibidem
318 3381 419 3466 αΓιφ
440 3377 642 3467 antedicta
671 3381 744 3440 sive
765 3352 838 3456 avil
856 3381 999 3441 orariola
1026 3387 1060 3440 et
1087 3378 1200 3462 paullo
1234 3389 1308 3463 post
1339 3380 1449 3464 αΓεφ
1477 3375 1702 3469 ανξεριατθ
1728 3401 1798 3446 aaa
1825 3383 1895 3444 sive

168 3466 408 3580 miserarium
429 3507 483 3561 eta
503 3500 666 3582 scriptum
686 3505 749 3574 est,
777 3497 1024 3559 instrumentali
1045 3497 1122 3578 ovif
1139 3517 1215 3560 aves
1235 3495 1466 3584 designantur,
1495 3518 1557 3580 per
1579 3518 1659 3581 quas
1680 3500 1820 3584 auguria
1841 3518 1895 3560 ca·

24 3625 39 3640 ”
108 3656 113 3664 ι
167 3615 292 3706 ptanda
312 3618 395 3695 sint3
417 3613 475 3678 sed
495 3618 524 3676 si
544 3616 761 3700 imperativus
782 3616 924 3677 asariam
945 3613 1057 3676 verbis
1079 3618 1219 3679 oserioto
1236 3623 1289 3678 eto
1300 3616 1600 3694 circumscribitur,
1621 3613 1894 3678 determinativas

167 3738 311 3800 meriste
331 3732 367 3796 id
387 3734 569 3822 significat,
600 3730 688 3815 quod
714 3730 876 3818 agendum
897 3734 949 3795 sit.
992 3729 1085 3793 Idem
1111 3731 1385 3795 determinativus
1406 3734 1571 3794 tamenin
1591 3731 1704 3794 verbis
1724 3734 1894 3812 πεπλεμ

168 3849 340 3940 cordate
365 3849 429 3931 IV,
442 3871 472 3929 a,
485 3853 536 3916 10.
566 3851 636 3912 sive
662 3850 760 3932 poplo
788 3849 880 3929 ufaro
902 3848 963 3926 VI,
976 3869 1006 3927 a,
1019 3851 1070 3914 48.
1101 3857 1237 3933 propter
1264 3850 1511 3930 subjunctivum
1533 3845 1644 3936 ἒεριες
1665 3847 1894 3927 (satisfeceris)

168 3968 213 4034 ad
233 3967 382 4034 dativum
401 3970 541 4054 propius
563 3967 702 4047 accedit,
725 3971 812 4032 sicut
834 3969 1097 4031 instrumentalis
1125 3965 1273 4052 ρεστεφ
1295 3968 1402 4052 paullo
1424 3976 1520 4029 antea
1540 3967 1575 4028 in
1597 3964 1747 4053 ρεστεφ
1768 3985 1894 4031 suave

169 4064 385 4173 patronive
407 4098 490 4151 reete
512 4086 1020 4167 esonofeitu(repositisomine
1049 4085 1169 4167 facito)
1194 4083 1236 4147 ad
1263 4085 1445 4149 ablativum
1471 4084 1668 4151 absolutum.
1723 4084 1798 4166 Quo
1824 4103 1894 4148 sae·

166 4207 245 4288 pius
265 4214 377 4268 autem
396 4215 539 4288 uterque
561 4224 653 4267 casus
675 4207 764 4267 inter
785 4225 819 4266 se
840 4204 1109 4288 permutabatur,
1139 4224 1180 4267 eo
1208 4202 1399 4281 difficilius,
1431 4202 1491 4265 ubi
1517 4204 1615 4269 litera
1636 4203 1745 4266 finalis
1765 4168 1892 4282 abjecta

165 4333 228 4403 est,
249 4319 383 4386 deliniri
404 4321 572 4386 interdum
593 4331 711 4407 potest,
733 4331 809 4385 utra
830 4323 929 4384 litera
949 4320 1128 4407 supplenda
1149 4323 1201 4387 sit.
1245 4321 1313 4402 Sic,
1335 4302 1414 4405 qnia
1434 4320 1495 4401 VI,
1507 4321 1541 4400 b,
1552 4324 1581 4389 4.
1608 4330 1682 4407 post
1712 4320 1894 4402 anstiplotu

165 4442 206 4523 ef
232 4443 339 4507 merto
367 4440 470 4522 perso
501 4442 615 4504 dersoo
636 4450 699 4506 cet.
721 4449 838 4504 mereto
859 4430 957 4520 noeis,
989 4438 1128 4519 merstaf
1146 4438 1267 4522 anglus
1283 4438 1419 4524 legitur,
1440 4437 1502 4518 VI,
1513 4460 1544 4519 a,
1555 4440 1607 4504 51.
1628 4421 1766 4519 stiplatu
1791 4437 1893 4520 porse

168 4560 265 4625 desua
285 4577 350 4646 pro
369 4558 493 4641 parfes
506 4559 625 4640 desvaf
632 4560 778 4644 positum
786 4557 897 4622 videri
918 4567 1038 4641 posset,
1059 4558 1088 4619 si
1109 4575 1176 4643 non
1187 4558 1248 4635 IV,
1257 4577 1290 4635 a,
1303 4560 1352 4624 13.
1362 4560 1523 4623 assatura
1542 4550 1717 4643 παρφαμ
1735 4575 1892 4644 scopon

167 4677 349 4766 legeretur.
381 4722 384 4728 -

332 4799 383 4862 39.
427 4793 537 4857 Tanta
557 4804 668 4856 autem
687 4795 753 4857 tuit
763 4793 967 4856 Umbrorum
978 4794 1143 4871 socordia,
1165 4803 1203 4856 ut
1223 4812 1290 4855 nou
1311 4796 1419 4857 solum
1435 4793 1549 4856 literas
1568 4792 1684 4857 finales
1705 4809 1767 4878 pro
1781 4792 1890 4857 lubitu

169 4913 365 4992 abjicerent,
387 4911 446 4978 sed
466 4896 693 4997 aliis'quoque
713 4913 822 4975 literis
844 4911 1111 4975 terminationem
1132 4920 1303 4999 augerent
1345 4909 1404 4975 Sic
1423 4912 1572 4992 strepa
1579 4934 1604 4993 μ
1625 4910 1687 4990 IV,
1700 4930 1732 4992 a,
1745 4912 1793 4978 12
1806 4912 1890 4975 mihi

1596 5073 1646 5141 5*
