4364 5754
220 761 339 804 norum
359 738 446 803 ludis
466 737 670 803 secularibus
691 737 804 800 Ditem
824 736 1111 822 etProserpinam
1131 735 1312 800 obtinuisse
1331 737 1463 800 scimus.
1506 733 1649 823 Legitur
1668 736 1759 797 enim
1779 737 1816 795 in
1836 731 1953 818 Sibyl·

221 859 273 921 lse
293 860 455 920 carminss

261 968 425 1041 Zdlaesm
444 973 561 1062 ταῦροι
581 971 619 1039 dd
639 968 725 1049 Διὸς
744 966 839 1060 παρὰ
859 969 972 1053 βωμὸν
993 968 1146 1058 eyia-base

252 1083 390 1175 Ἢματι,
411 1089 497 1178 μηδέ
517 1114 553 1156 ss
574 1086 675 1171 νυκτί,
696 1100 735 1153 ut
755 1089 843 1175 apud
859 1091 936 1153 Liv.
956 1088 1134 1168 xxss,1o.
1157 1090 1255 1153 Jovi
1276 1099 1310 1151 et
1330 1089 1472 1150 maltis
1493 1089 1597 1150 aliis
1618 1085 1704 1151 divis
1724 1086 1833 1148 bubus
1853 1086 1951 1149 albis.

160 1256 166 1265 -
221 1208 393 1290 Ceterum,
425 1214 454 1273 si
474 1208 615 1273 Hondae
641 1210 759 1272 Joviae
791 1208 937 1271 catulum
967 1211 1004 1270 in
1035 1211 1149 1292 quinta
1180 1207 1296 1271 tabula
1321 1210 1508 1290 exceperis,
1545 1203 1633 1290 apud
1651 1205 1793 1268 Umbros
1822 1207 1954 1290 pariter

220 1340 317 1412 atque
348 1328 435 1414 apud
457 1328 600 1391 Graecos
621 1328 847 1410 Romanosque
878 1329 1009 1388 nonnisi
1039 1322 1220 1411 pecudibus
1250 1322 1454 1403 domesticis,
1487 1343 1626 1407 quarum
1654 1342 1752 1385 carue
1772 1324 1838 1407 ipsi
1859 1325 1953 1385 vesci

219 1433 387 1525 solebant,
419 1467 512 1508 sacra
533 1449 731 1507 factasunt:
763 1464 861 1528 apros
883 1447 971 1507 enlm
991 1448 1079 1507 inter
1099 1440 1240 1528 pecudes
1260 1452 1369 1526 pastos
1390 1462 1476 1521 esse,
1510 1442 1645 1525 Lipsius
1677 1439 1774 1503 docet
1804 1442 1839 1502 in
1865 1440 1952 1502 libri

221 1568 332 1649 quarti
353 1564 598 1628 Poliorceticon
618 1549 835 1648 praefatione
887 1584 889 1588 ³

385 1685 435 1747 21.
480 1680 586 1763 Quam
606 1681 704 1743 facile
726 1680 936 1764 explicantur
956 1682 1169 1743 victimarum
1190 1681 1341 1757 nomina,
1369 1687 1437 1740 tam
1457 1677 1598 1741 obscura
1618 1686 1695 1739 sunt
1714 1674 1832 1753 verba,
1867 1696 1952 1758 quae

221 1799 428 1877 antecedunt
482 1800 538 1862 Est
570 1798 704 1883 quidem
734 1785 908 1882 inscriptio
940 1801 976 1859 in
1004 1800 1139 1882 antiquo
1171 1797 1295 1884 templo
1328 1792 1382 1858 dei
1403 1795 1564 1859 Clitumni
1585 1797 1620 1856 in
1641 1793 1781 1857 Umbria
1801 1804 1946 1878 reperta:

221 1916 330 1981 POST
351 1916 509 1981 VERIAS
530 1917 610 1978 FEL
624 1914 636 1998 Η
650 1917 695 1978 Η.
718 1916 760 1977 Ι).
782 1918 823 1979 L.
846 1916 896 1978 Μ.
920 1916 1057 1990 (Donati
1077 1915 1193 2001 Suppl.
1215 1916 1343 1978 Murat.
1366 1913 1393 1976 Ι.
1416 1936 1448 1998 p.
1472 1919 1523 1993 66,
1546 1915 1603 1992 7.),
1625 1933 1724 1996 quam
1744 1933 1819 1974 cum
1839 1911 1951 1974 verbis

221 2032 300 2119 nde
321 2033 451 2118 Fadsg
472 2033 748 2123 etrsengdeg
770 2054 962 2118 comparare
994 2034 1092 2112 lieet;
1125 2031 1182 2096 sed
1203 2032 1283 2117 quid
1302 2034 1447 2097 veriae
1468 2035 1552 2111 sint,
1578 2051 1674 2093 nemo
1696 2029 1793 2093 facile
1815 2027 1949 2092 dixerit

220 2152 326 2236 Quia,
361 2151 471 2216 Gellio
493 2150 624 2229 XVIII,
646 2155 667 2215 2
689 2161 772 2214 extr.
796 2161 895 2253 teste,
929 2151 967 2232 Q.
992 2152 1114 2212 Ennius
1146 2152 1181 2211 in
1201 2150 1379 2212 Annalium
1410 2150 1498 2213 libro
1527 2147 1620 2210 XIII.
1650 2159 1767 2212 vates
1797 2157 1953 2210 verant

221 2291 284 2356 pro
305 2291 406 2333 vera
426 2269 573 2334 dicunt
593 2272 789 2354 scripserat,
817 2267 903 2331 unde
925 2267 1128 2331 divinatores
1150 2266 1277 2331 fatidici
1304 2278 1524 2331 voratores
1546 2265 1628 2329 dicti
1648 2277 1740 2347 sunt,
1767 2262 1951 2350 Rudolphi-

221 2408 281 2450 nus
302 2387 469 2451 Venutius
499 2390 750 2472 inscriptionem
782 2390 879 2450 istam
906 2389 955 2450 sic
982 2390 1219 2471 interpretatus
1240 2394 1302 2448 est:
1337 2384 1438 2464 „Post
1457 2396 1561 2448 sortes
1582 2384 1732 2448 fatidicas
1754 2385 1866 2448 felices
1886 2383 1951 2446 hoc

220 2503 304 2584 (sive
325 2507 488 2589 templum
508 2508 579 2567 sive
600 2503 790 2584 donarium)
813 2502 905 2568 dedit
925 2505 1031 2566 libens
1052 2505 1182 2566 merito.
1194 2501 1216 2535 ‘⁶
1259 2501 1470 2565 Confirmare
1497 2501 1630 2586 quidem
1651 2502 1735 2564 hanc
1756 2503 1951 2565 sententiam

219 2620 355 2686 videtur
374 2623 503 2685 Plinius
523 2623 625 2706 Epist
648 2621 745 2700 VIII,
766 2625 810 2701 8.,
834 2625 910 2706 qui,
942 2620 1021 2685 dum
1042 2619 1204 2686 Clitumni
1236 2622 1397 2705 templum
1425 2623 1574 2705 priscum
1604 2631 1638 2685 et
1664 2622 1858 2710 religiosum
1884 2641 1952 2683 me·

220 2751 346 2820 morat,
377 2751 412 2804 et
431 2742 537 2805 multa
558 2740 913 2804 multorum'omnibus
935 2740 1118 2820 columnis,
1151 2742 1304 2803 omnibus
1323 2740 1506 2823 perietibus
1527 2742 1704 2824 inscripta,
1736 2739 1856 2823 quibus
1877 2743 1952 2803 fons

220 2859 281 2920 ille
302 2856 445 2940 deusque
467 2844 714 2936 celebrabatur,
737 2858 817 2921 haec
840 2880 969 2942 quoque
989 2863 1137 2944 scripsit:
1170 2858 1269 2939 „Stat
1290 2858 1477 2921 Clitumnus
1498 2861 1568 2942 ipse
1589 2861 1730 2920 amictus
1751 2868 1951 2941 ornatusque

221 2984 407 3058 praetexta:
439 2995 592 3059 praesens
620 2994 741 3037 numen
768 2986 865 3057 atque
896 2978 996 3038 etiam
1023 2974 1197 3040 fatidicum
1222 2975 1371 3039 indicant
1392 2986 1509 3040 sortes.
1519 2975 1541 3009 “
1583 2976 1627 3039 At
1647 2987 1820 3059 reputans,
1853 2996 1951 3059 quam

221 3111 317 3177 saepe
348 3091 435 3176 apud
456 3093 598 3155 Umbros
627 3093 745 3154 literae
766 3115 790 3155 v
810 3103 844 3156 et
864 3096 881 3154 i
903 3096 992 3157 inter
1017 3114 1052 3156 se
1072 3103 1278 3178 permutatae
1299 3097 1379 3172 sint,
1412 3097 1547 3157 ferias
1568 3094 1739 3181 inteIIIgo,
1771 3091 1952 3156 seeundum

222 3208 316 3272 Pauli
336 3210 479 3273 Diaconi
499 3222 654 3295 excerpta
675 3232 716 3273 ex
737 3211 833 3273 libris
855 3213 941 3275 Festi
962 3233 982 3274 a
1002 3211 1161 3277 feriendis
1182 3215 1330 3275 vIctImis
1350 3221 1501 3289 vocatas,
1526 3222 1564 3273 ut
1584 3222 1675 3296 post
1694 3214 1835 3275 verias
1856 3213 1952 3277 feli·

223 3346 289 3388 ces
316 3326 405 3389 idem
434 3327 540 3406 dicat,
573 3326 662 3408 quod
693 3339 788 3412 post
816 3350 938 3392 sacra
970 3332 1118 3392 felicia
1142 3332 1183 3406 *).
1235 3329 1324 3393 Nam
1346 3331 1451 3393 feriae
1471 3349 1538 3391 non
1558 3339 1627 3392 tam
1647 3332 1725 3392 festi
1744 3327 1813 3392 dies
1833 3340 1911 3392 sunt
1931 3351 1952 3392 a

223 3446 317 3507 feriis
339 3442 439 3516 dicti,
473 3465 570 3527 quam
592 3464 684 3506 sacra
705 3445 864 3527 quaedam
885 3446 1014 3509 divina:
1047 3447 1135 3511 unde
1163 3446 1427 3512 novendiales
1448 3449 1593 3525 ferias,
1628 3467 1707 3530 ques
1727 3447 1847 3510 Paulus
1868 3446 1952 3511 Dia·
1975 3529 1978 3534 Ι

222 3581 324 3625 oonus
357 3573 536 3640 memorat,
580 3561 826 3626 novendiale
859 3584 1025 3627 sacrum
1057 3568 1238 3651 appellavit
1268 3567 1387 3629 Livius
1413 3565 1440 3645 1,
1461 3569 1513 3633 31.
1565 3566 1800 3631 Treblanae
1827 3576 1951 3646 tamen,

223 3690 441 3743 tesenocae
471 3701 496 3740 s.
531 3688 767 3758 tesenacae,
798 3681 945 3744 vehiae
966 3686 1099 3746 feriae
1121 3704 1187 3779 non
1208 3682 1379 3749 adierum
1406 3703 1565 3762 numero,
1597 3682 1670 3762 sed,
1698 3687 1764 3745 nisi
1784 3687 1887 3747 variis
1908 3704 1951 3747 ex

224 3801 330 3861 causis
360 3798 543 3883 appellatae
575 3800 659 3874 sint,
693 3817 711 3858 a
741 3802 837 3860 vario
867 3801 1101 3865 vehiculorum
1130 3822 1193 3864 usu
1224 3823 1344 3865 nomen
1366 3804 1528 3884 accepisse
1550 3800 1716 3864 videntur.
1771 3802 1951 3866 Treblae

222 3918 313 3984 enim
343 3913 430 3999 apud
451 3914 607 3977 Catonem
629 3914 672 3975 Il..
689 3914 727 3977 R.
752 3917 820 3981 135.
855 3935 917 3999 pro
950 3919 1085 3981 tribulis
1119 3921 1175 3983 vel
1204 3921 1310 3983 trahis
1345 3921 1489 4003 scriptae
1520 3929 1699 4004 putantur,
1729 3922 1848 4000 vejae
1879 3923 1951 3984 sive

222 4032 370 4109 vehiae
397 4031 485 4117 apud
505 4032 623 4110 Oscos,
656 4042 739 4095 teste
764 4031 866 4095 Paulo
893 4034 1058 4110 Diacono‚
1091 4038 1240 4119 plaustra
1273 4035 1488 4114 dicebantur,
1519 4057 1540 4099 a
1566 4036 1725 4099 thensis
1752 4056 1834 4100 vero
1860 4036 1950 4122 apud

222 4150 366 4215 Umbros
397 4160 613 4212 tesenacae
644 4153 748 4213 feriae
776 4153 937 4237 appellari
968 4156 1016 4215 sic
1044 4165 1240 4238 potuertmt,
1272 4164 1311 4218 ut
1341 4154 1602 4219 verbenacae
1635 4152 1724 4238 apud
1742 4155 1907 4218 Romanos
1929 4177 1950 4220 a

221 4270 378 4346 verbena,
389 4262 499 4354 φέρβα
509 4269 580 4329 sive
590 4266 701 4329 herba.
736 4268 845 4350 Quid?
864 4273 892 4331 si
909 4274 1019 4354 primo
1038 4273 1137 4334 lustri
1154 4270 1209 4334 die
1227 4272 1409 4335 tribulis
1425 4270 1673 4334 advehebantur
1690 4272 1808 4335 februa
1823 4275 1950 4358 populo

223 4384 465 4462 distribuenda,
498 4383 642 4447 secundo
664 4385 822 4448 thensis
843 4387 981 4451 deorum
1003 4392 1097 4477 signa
1118 4391 1475 4467 circumvehebantur,
1500 4393 1601 4454 tertio
1627 4393 1737 4468 veiis
1765 4391 1950 4479 agebantur

221 4507 295 4572 ludi
316 4505 508 4572 Circenses?
551 4502 606 4565 Sic
627 4503 766 4589 siugulis
787 4503 901 4567 diebus
922 4506 1009 4569 biuis
1030 4508 1220 4570 numinibus
1242 4509 1368 4572 hostiae
1387 4507 1572 4593 piaculares
1593 4528 1705 4572 caesae
1726 4519 1812 4573 sunt.

230 4632 665 4648 --a--u—--ae-——fi—

384 4691 413 4763 ²¹)
450 4694 498 4749 Sic
526 4696 555 4747 in
575 4694 644 4748 Osca
667 4691 855 4765 inscriptione
877 4696 1027 4748 marmoris
1055 4697 1085 4748 in
1103 4694 1207 4750 Dorica
1229 4697 1345 4768 porticu
1368 4695 1402 4749 ad
1419 4694 1501 4750 Isidis
1519 4697 1660 4769 templum
1678 4697 1881 4769 Pompeianum
1900 4698 1945 4752 in-

222 4788 301 4840 venti
319 4786 392 4860 apud
409 4784 507 4841 blicali
526 4784 581 4838 tab·
601 4780 686 4850 CXX,
704 4783 731 4837 4.
758 4779 852 4834 verbis
875 4784 1127 4852 paamvereiis
1152 4785 1385 4857 Pumpeiiana
1413 4785 1581 4857 Pompeiana
1607 4802 1754 4841 sacrorum
1781 4788 1944 4843 communIo

223 4875 509 4952 dssignsrivvidetur.
