4364 5754
972 577 1214 638 ..10-

241 741 377 813 ‚tutiores
397 739 485 802 enim
504 757 659 828 magnum
678 758 880 804 summumve
898 738 1108 829 significasse,
1139 757 1180 804 er
1194 755 1248 802 ‘eo
1274 737 1485 826 intelligitur,
1518 738 1606 822 quod
1635 737 1763 804 Samnii
1789 738 1956 828 oppidum

244 857 357 939 Εᾳιιιιε
376 859 499 922 tutiora
517 859 552 919 in
572 854 652 924 ltin·
672 854 848 922 Hierosol.·'
861 839 979 943 prdit.
1000 858 1113 942 aqum
1131 875 1266 941 mpure
1285 855 1420 935 dicitur,
1441 855 1583 942 cs=apud
1599 855 1781 944 Campanos
1802 878 1954 923 summ

243 976 452 1062 magistratus
470 985 552 1040 testa
572 975 673 1041 Lirio
693 974 925 1055 xxv1,o...a.d
943 976 1003 1040 fin·
1019 976 1144 1043 meridia
1164 972 1465 1041 tutiatsaudiebat.

403 1094 439 1160 6.·
477 1089 628 1159 Todcoosc
647 1094 780 1189 quidem
800 1097 836 1157 in
856 1114 933 1157 casn
957 1094 1220 1179 localipoaitum
1238 1088 1306 1157 ess'e
1325 1089 1471 1171 ridetur,
1499 1103 1538 1156 ut
1558 1093 1701 1178 anglesis
1725 1093 1954 1179 proroaglsto

241 1209 405 1291 Modum
431 1229 496 1296 quo
517 1213 640 1276 bonum
660 1213 790 1297 aquilae
810 1214 988 1300 augurmm
1008 1213 1188 1300 significari
1207 1221 1309 1297 puto,
1340 1209 1397 1274 sed
1418 1212 1557 1276 todcome
1578 1212 1670 1276 iader
1689 1212 1837 1301 genitivo
1859 1213 1953 1292 tade-

241 1347 297 1392 ror
318 1337 424 1394 totcor
443 1331 479 1392 in
499 1333 618 1394 tertiae
637 1332 793 1394 sectionis
812 1332 919 1399 initio.
933 1340 967 1395 et
993 1327 1104 1394 dativo
1124 1328 1268 1415 pluralis
1289 1329 1412 1394 todedr
1433 1330 1561 1394 ludusa
1581 1331 1642 1393 sub
1668 1332 1770 1392 bnon
1786 1327 1953 1394 secundae

239 1448 394 1511 sectionis
414 1449 463 1511 sic
482 1447 666 1534 respondet,
687 1452 779 1532 qnasi
802 1451 939 1513 todcoere
958 1449 1155 1512 nominativi
1175 1447 1287 1510 locum
1306 1446 1463 1527 obtinent,
1484 1457 1523 1511 ut
1541 1447 1950 1529 oosetouefastVI,a‚t⁷.

56 1534 64 1559 Ι
163 1640 167 1646 ,
238 1583 300 1650 pro
322 1575 459 1632 oosetom
478 1567 558 1648 fuat.
601 1565 757 1632 Ceterum
778 1570 889 1631 omnia
908 1577 976 1630 tom
997 1566 1137 1633 obscura
1154 1573 1242 1645 sunt,
1273 1573 1322 1643 ut,
1351 1563 1432 1650 qnid
1451 1567 1494 1628 'in
1512 1568 1591 1628 -fine
1611 1565 1772 1630 secundae
1790 1568 1951 1630 sectionis

240 1680 381 1764 dicatur,
410 1666 546 1750 enodari
565 1695 716 1770 nequeat,
743 1688 808 1748 nisi
828 1689 930 1754 sorita
949 1705 1013 1771 pro
1034 1687 1160 1749 aeritom
1181 1693 1215 1747 et
1234 1685 1362 1748 seritom
1382 1685 1474 1751 aei-s.
1496 1694 1652 1750 servatam
1672 1687 1717 1749 eit
1736 1703 1800 1770 pro
1821 1693 1951 1751 cosin

239 1803 284 1865 sit
301 1803 447 1887 positum
465 1813 629 1888 putemus,
650 1813 687 1866 ut
705 1803 883 1886 podrsbpei
903 1803 1069 1867 ablativus
1086 1803 1129 1865 sit
1149 1803 1393 1883 ejuanominis,
1416 1799 1505 1886 qnod
1520 1796 1842 1892 Graecerspocspossq
1862 1804 1952 1865 scri·

238 1918 337 1985 bitur.
378 1917 436 1983 Sic
457 1922 545 1982 enim
556 1919 617 1998 vl,
628 1921 661 2000 b,
671 1921 722 1988 56.
737 1922 912 2003 pedresire
931 1939 993 2005 pro
1014 1920 1211 2006 imperativo
1229 1919 1403 2002 pardoaita
1421 1941 1448 1984 s.
1468 1916 1710 2006 aadaaFcce
1728 1921 1824 1984 verbi
1842 1940 1950 2008 προς-

235 2037 362 2123 sponso
383 2058 407 2103 s.
428 2038 526 2101 odoro
546 2038 682 2125 legitur,
712 2048 746 2101 et
770 2038 908 2101 Romani
935 2056 1065 2122 quoqne
1082 2058 1126 2119 pc
1154 2035 1307 2103 dicebant
1325 2057 1387 2121 pro
1407 2033 1491 2125 πρὸς
1511 2059 1536 2104 s.
1557 2034 1637 2104 uoci
1661 2041 1696 2100 in
1720 2040 1856 2121 ροείτυε,
1886 2049 1949 2102 ant

214 2153 367 2243 literam
388 2163 402 2218 t
421 2157 571 2239 sequenti
591 2174 751 2218 consonae
771 2155 1003 2218 assimulabant
1021 2157 1057 2216 in
1076 2156 1232 2237 possideo,
1250 2156 1416 2238 polliceor,
1437 2155 1538 2233 oet*)
1580 2154 1724 2237 Quodsi
1745 2155 1947 2236 admittitur,

236 2274 305 2336 aaa
325 2274 412 2335 inter
433 2273 570 2337 todmme
591 2273 682 2336 tuder
703 2280 737 2335 et
758 2273 880 2337 todceir
902 2273 1031 2336 tadeus
1051 2269 1195 2335 Graecae
1215 2271 1517 2358 percenseatur),
1539 2276 1616 2352 nisi,
1637 2273 1822 2359 respondet,
1843 2285 1947 2357 atque

234 2399 311 2453 ante
331 2390 465 2473 eugialo
486 2392 624 2454 Latinae
644 2392 880 2476 praepositioni
899 2392 984 2453 siae:
1005 2409 1080 2453 nam
1100 2371 1211 2452 Festus
1232 2393 1451 2475 qnoque-resi
1468 2411 1531 2477 pro
1551 2394 1620 2456 rinc
1639 2395 1784 2477 positum
1804 2391 1888 2456 dicit
1907 2395 1947 2454 in

234 2507 307 2596 lege
327 2505 540 2573 dedicationis
567 2528 644 2571 arae
671 2509 797 2572 Dianae
816 2508 1055 2572 Auentinensis.
1103 2505 1194 2570 Idem
1221 2507 1332 2572 Festus
1358 2508 1515 2573 Catonm
1539 2519 1643 2573 mmai
1670 2530 1730 2595 pro
1758 2512 1823 2575 atsi
1848 2512 1948 2574 etium

231 2643 328 2688 mum
348 2645 417 2689 esse
437 2625 617 2706 contendit,
639 2624 728 2709 quod
747 2625 831 2688 mihi
850 2645 890 2689 ex
910 2628 1053 2704 meimet,
1078 2635 1117 2688 ut
1137 2627 1172 2690 ni
1192 2643 1233 2688 ex
1251 2628 1329 2705 uisi,
1350 2634 1556 2688 contractum
1577 2645 1647 2690 esse
1665 2624 1815 2689 ridetur:
1845 2630 1947 2691 simut

232 2757 341 2810 autem
361 2765 423 2830 pro
444 2745 538 2810 aaut
556 2742 624 2807 dici
644 2747 764 2829 potuit,
787 2744 1062 2828 quemadmodum
1081 2745 1189 2808 amita
1208 2745 1337 2829 saepius
1357 2741 1446 2829 apud
1465 2743 1620 2807 Plautum
1640 2743 1773 2831 legitur,
1798 2754 1832 2806 et
1849 2744 1944 2828 apud

233 2861 381 2926 Nonium
400 2863 508 2926 Marc.
529 2863 571 2940 11,
583 2865 655 2929 814.
668 2881 696 2925 ⁴a
716 2864 857 2928 Lucilio.
901 2863 991 2924 Hinc
1011 2864 1046 2923 in
1066 2862 1204 2948 Iguvim
1224 2860 1337 2924 tabula
1356 2863 1483 2926 suamet
1503 2871 1577 2946 post
1594 2863 1713 2943 persei,
1734 2862 1795 2924 etsi
1804 2861 1943 2926 uocales

232 2981 349 3044 literae
370 2977 528 3042 ditiorum
555 2998 678 3042 asomo
704 2978 736 3038 h.
761 2997 789 3041 e.
819 2973 888 3059 ἅμα
907 2998 931 3043 s.
953 2970 1049 3060 ὁμοῦ,
1077 2997 1139 3063 pro
1165 2998 1230 3042 nou
1254 2980 1355 3045 amal.
1370 2981 1532 3065 scriptum
1559 2982 1773 3064 interpretor.
1814 2977 1943 3062 Quodsi

231 3118 290 3163 oso
309 3099 418 3164 deado
438 3117 524 3161 cnm
534 3117 610 3160 casu
631 3097 731 3161 locali
752 3117 855 3162 osaiae
875 3098 981 3161 ἀρνεία
1001 3115 1064 3183 pro
1084 3094 1152 3185 α’ρᾷ
1161 3095 1248 3162 dicio
1269 3095 1303 3161 b.
1316 3097 1422 3176 e.dio,
1439 3097 1555 3162 diviso
1565 3117 1592 3162 s.
1603 3099 1724 3159 ominis
1738 3101 1942 3188 acceptione,

231 3236 382 3299 raperere
401 3215 571 3281 coielcleir
590 3235 684 3295 vero,
706 3219 785 3301 quia
804 3214 918 3298 oapafe
936 3213 1082 3281 calabria
1101 3234 1126 3276 s.
1147 3212 1271 3279 oviscla
1289 3212 1351 3294 =Vl,
1365 3234 1400 3293 a,
1417 3214 1469 3281 bl.
1499 3213 1554 3277 vel
1575 3215 1734 3301 Fascepea
1752 3213 1944 3303 caesapo

231 3323 545 3415 1v,a‚1t'favease
572 3337 673 3398 coium
692 3337 836 3416 auspicio
863 3335 1039 3422 significat,
1070 3351 1133 3417 pro
1158 3332 1272 3413 fusore
1288 3352 1339 3399 ,aa
1363 3334 1469 3398 ooiatr
1493 3332 1648 3412 auspiciis
1674 3333 1852 3417 accipitur,
1882 3334 1944 3396 hic

231 3454 302 3514 fere
322 3470 432 3513 sensus
452 3446 612 3512 secundae
631 3430 786 3513 sectionis
807 3452 955 3512 eruitur:
994 3451 1108 3523 »Licet
1127 3453 1239 3521 annm
1250 3449 1405 3514 addictio
1425 3451 1601 3515 accesserit
1617 3440 1710 3513 'bono
1729 3451 1862 3534 aquilae
1881 3470 1943 3512 au·

231 3571 357 3658 agurio,
379 3567 416 3631 id
435 3577 544 3633 tamen
553 3569 711 3631 vitiosum
723 3577 781 3645 est,
803 3568 868 3628 nisi
887 3584 983 3628 omen
993 3576 1174 3650 acceptum,
1194 3569 1394 3651 summisque
1404 3569 1497 3630 vitiis
1518 3565 1710 3632 adoratione
1721 3578 1851 3631 mutum
1862 3570 1939 3632 sit«

390 3689 421 3754 7.
463 3687 537 3750 Jam
557 3686 593 3747 in
613 3687 714 3749 tertia
733 3684 878 3747 sectione
897 3681 1066 3762 docemur,
1087 3683 1206 3767 quibus
1216 3684 1316 3747 rebus
1335 3685 1470 3772 augurii
1488 3685 1611 3748 vitium
1620 3695 1817 3770 procuretur
1836 3694 1940 3767 etque

228 3808 394 3890 expietur:
424 3802 663 3888 superantem)
684 3805 783 3883 euim,
813 3823 832 3866 a
853 3820 1005 3884 vaporus
1026 3799 1236 3880 derivatum,
1253 3811 1304 3865 est
1322 3804 1416 3886 quasi
1434 3801 1680 3883 favoromeutass
1699 3822 1723 3868 s.
1741 3805 1937 3883 procuratio

227 3900 319 4001 citii,
333 3942 439 4006 quam,
457 3927 487 3987 si
507 3923 549 3986 ad
569 3923 751 3990 ablativum
771 3920 906 3986 cviedir
921 3920 1060 3985 verbnm
1079 3928 1129 3985 est
1148 3920 1350 4005 suppleatur,
1370 3930 1540 4003 sequentes
1562 3938 1657 3984 casm
1672 3918 1792 3983 locales
1811 3922 1847 3981 in
1866 3939 1939 3984 ome

227 4038 408 4104 desinentes
428 4039 582 4107 indicant
626 4042 674 4105 Hi
689 4059 775 4105 ¹vero
795 4060 861 4103 non
881 4040 990 4102 solum
1009 4041 1073 4123 ipsi
1094 4049 1162 4103 mm
1182 4041 1277 4101 varii.
1296 4048 1373 4103 sunt
1392 4038 1604 4125 significatus,
1616 4047 1671 4105 ¹<ut
1689 4040 1749 4102 uix
1766 4037 1936 4127 intelliga-

168 4241 174 4249 .
228 4165 427 4220 turcorum
454 4160 660 4238 conjunctio,
692 4157 750 4223 sod
773 4157 935 4239 adjectiva
963 4175 1092 4240 quoque
1118 4155 1330 4220 substantivis
1350 4159 1554 4241 appositam
1574 4166 1844 4245 genere-at-casu
1865 4166 1935 4220 tam

385 4439 415 4512 *)
433 4442 530 4515 Ipsum
546 4441 724 4512 pomoerium,
742 4462 831 4516 quum
839 4445 922 4499 Festo
941 4452 1012 4499 teste
1030 4442 1272 4498 incommentario
1289 4442 1361 4509 iuris
1378 4439 1757 4514 pontificalisprosimariam
1773 4442 1931 4509 diceretur,

223 4533 248 4589 si
265 4533 342 4587 Livii
359 4530 383 4599 1,
400 4537 443 4590 44.
463 4531 556 4604 potius
575 4549 659 4602 qnam
676 4532 766 4586 Gellii
782 4532 860 4601 xm,
876 4537 918 4591 14.
938 4542 968 4588 et
984 4528 1130 4586 Plutarchi
1148 4532 1228 4584 Rom.
1247 4532 1281 4598 Χ,
1299 4534 1326 4589 4.
1339 4531 1545 4586 definitionem
1563 4520 1729 4603 spectamus,
1753 4549 1768 4586 e
1785 4531 1931 4605 praeposi-

222 4625 301 4678 tione
318 4620 383 4674 usst
398 4637 451 4691 pro
467 4620 538 4694 πρὸς
554 4620 645 4696 magis
663 4621 859 4692 compositum,
873 4621 1068 4693 ,quamquui
1081 4617 1266 4690 crameriam,
1281 4627 1325 4675 ¹ut
1342 4621 1441 4675 Festus
1458 4622 1580 4691 putarit,
1603 4621 1654 4674 uel
1666 4619 1872 4690 pomoerium,
1895 4630 1931 4675 ut

221 4715 311 4769 Varro
328 4713 361 4768 la.
379 4711 414 4783 L.
431 4711 465 4778 V,
477 4712 521 4786 ‚3²¹
538 4707 561 4777 5.
581 4712 643 4767 143.
660 4709 762 4778 uoluit,
787 4710 895 4787 dictum
907 4727 969 4783 esse
987 4711 1110 4787 ridetur,
1135 4725 1305 4780 qumquam,
1323 4717 1396 4764 teste
1414 4709 1590 4777 Quintiliano
1609 4709 1679 4764 lnst.
1699 4707 1929 4780 orat,'lx,4,39,

219 4799 412 4869 po'aeridiem
429 4798 559 4855 dicebant
576 4797 698 4869 antiqui,
716 4798 831 4870 ipseque
849 4797 949 4855 cicero
959 4788 1005 4856 Or,
1013 4802 1055 4858 47.
1071 4792 1278 4868 pomeridianas
1295 4795 1455 4873 quadrigas,
1475 4815 1561 4870 qiam
1577 4797 1820 4872 postmeridianas,
1837 4797 1929 4853 liben-

220 4889 277 4942 tius
294 4889 375 4944 dixit.
1389 4893 1397 4908 ‘
