4364 5754
662 1797 1677 1975 Praefatioj]

864 2145 1275 2163 -—d—-——-—n—-

383 2383 594 2534 Quamvis
627 2455 742 2527 multa
775 2457 850 2546 jam
884 2456 1088 2549 superiores
1132 2454 1328 2548 particulae
1364 2455 1584 2541 contineant,
1612 2437 1720 2546 ¹quae
1761 2455 1932 2526 omnibus

219 2607 366 2702 probari
391 2631 499 2703 posse
524 2607 674 2699 diffido,
712 2605 829 2685 multo
864 2606 969 2699 plura
1002 2616 1122 2676 tamen
1155 2605 1195 2675 in
1228 2603 1302 2675 illis
1336 2603 1486 2693 tabulis,
1525 2626 1613 2697 quas
1646 2600 1735 2673 haec
1759 2603 1933 2695 particula

222 2758 486 2854 complectitur,
519 2768 606 2830 sunt
638 2753 917 2843 inextricabilia,
956 2765 997 2826 ut
1031 2755 1075 2825 ab
1111 2755 1213 2826 omni
1246 2753 1449 2849 explicandi
1481 2753 1643 2851 periculo
1677 2754 1934 2827 abstinendum

222 2911 318 2982 mihi
342 2921 528 3005 putarem,
563 2908 634 2978 nisi
659 2909 803 2977 veniam
834 2917 894 2976 nie
919 2907 1200 3000 impetraturum
1225 2905 1464 2997 confiderem,
1499 2906 1614 3001 quod,
1648 2930 1738 3002 quae
1769 2905 1935 2979 inchoata

224 3072 320 3150 sunt,
348 3059 606 3155 qualicumque
631 3048 742 3129 modo
767 3017 847 3128 fieri
873 3067 1005 3153 posset,
1040 3056 1212 3154 perficere
1238 3083 1395 3130 conarer.
1446 3058 1550 3129 Hanc
1573 3059 1720 3129 veniam
1745 3021 1867 3130 autem
1893 3083 1935 3131 eo

223 3213 356 3304 majori
381 3237 466 3284 cum
492 3209 626 3282 fiducia
651 3233 790 3305 precor,
816 3234 889 3305 quo
914 3208 1019 3303 plura
1044 3210 1286 3299 invenientur,
1320 3212 1453 3304 quibus
1479 3219 1648 3304 augeatur
1674 3208 1840 3282 Umbrici
1865 3234 1936 3282 ser-

226 3367 347 3437 monis
373 3364 513 3453 notitia,
539 3374 645 3456 atque
670 3361 727 3432 vel
754 3359 1015 3432 confirmentur
1040 3360 1100 3432 vel
1125 3362 1363 3433 emendentur
1389 3386 1440 3452 ea,
1467 3386 1557 3458 quae
1582 3362 1684 3456 prius
1710 3361 1748 3432 in
1773 3361 1939 3434 medium

226 3515 374 3612 protuli.
427 3515 471 3587 In
497 3513 625 3585 multis
651 3515 752 3584 enim
776 3512 932 3604 tabulae,
958 3536 1049 3607 quae
1075 3512 1191 3623 adhuc
1203 3513 1436 3586 illustrandae
1462 3524 1606 3603 restant,
1631 3513 1826 3604 cumillis,
1853 3539 1940 3609 quas

227 3671 301 3757 jam
325 3669 579 3761 interpretatus
611 3691 708 3757 sum,
745 3650 993 3755 consentiunt,
1032 3666 1096 3737 sed
1133 3667 1362 3760 reperiuntur
1396 3665 1476 3756 alia,
1517 3689 1674 3760 quorum
1707 3665 1763 3736 vis
1796 3664 1941 3736 aliunde

228 3819 286 3891 vel
311 3844 459 3914 prorsus
484 3821 723 3912 ignoraretur,
759 3817 817 3888 vel
851 3820 974 3888 minus
1007 3816 1100 3887 clare
1133 3819 1404 3911 perspiceretur.
1456 3816 1625 3906 Accedit,
1660 3814 1757 3910 quod
1789 3815 1828 3887 iu
1852 3839 1942 3886 non·

228 3969 341 4041 nullis
366 3972 564 4041 verborum
578 3954 721 4040 dormis
747 3978 821 4040 tam
848 3967 1026 4040 sermonis
1053 3991 1162 4061 quam
1189 3969 1384 4064 scripturae
1408 3970 1560 4040 varietas
1586 3969 1805 4056 observetur,
1841 3992 1943 4063 quae,
2007 3944 2010 3955 ’

230 4145 344 4216 quum
370 4119 514 4231 tabulae
539 4120 679 4191 ibidem
704 4120 776 4190 loci
801 4130 959 4190 exaratae
989 4120 1072 4206 sint,
1099 4119 1251 4190 diversis
1277 4122 1451 4193 aetatibus
1477 4119 1704 4192 attribuenda
1723 4131 1788 4195 est.
1839 4121 1945 4193 Prae-

232 4285 330 4344 terea
354 4271 439 4343 licet
464 4270 581 4342 multa
605 4273 714 4342 verba
740 4282 814 4342 tam
842 4272 992 4342 obscura
1025 4271 1115 4360 sint,
1152 4281 1194 4342 ut
1226 4273 1264 4343 in
1297 4271 1371 4343 illis
1410 4272 1608 4344 enodandis
1642 4274 1721 4367 ipse
1753 4272 1847 4343 mihi
1871 4297 1944 4345 non

234 4424 471 4512 satisfaciam,
507 4424 564 4493 via
589 4434 710 4495 tamen
738 4424 929 4519 aperienda
955 4423 1115 4512 videtur,
1150 4447 1242 4518 qua,
1268 4425 1365 4520 quod
1393 4426 1488 4496 mihi
1512 4424 1678 4497 nondum
1703 4425 1867 4517 contigit,
1903 4426 1947 4495 ab

236 4577 316 4647 aliis
342 4577 457 4671 possit
481 4577 644 4670 reperiri.
695 4576 792 4649 Hinc
818 4601 967 4648 omnem
994 4575 1164 4671 equidem
1190 4600 1338 4671 operam
1363 4579 1458 4669 dedi,
1486 4589 1536 4668 ut,
1562 4586 1738 4673 quantum
1762 4574 1841 4646 fieri
1865 4600 1946 4670 pos·
1995 4660 2001 4673 ο

238 4738 308 4816 set,
343 4729 555 4801 extricatum
580 4729 741 4822 singula,
776 4754 894 4825 neque
927 4729 1010 4801 lacti
1044 4728 1154 4819 hujus
1179 4754 1240 4800 me
1269 4689 1448 4823 poenitet:
1485 4728 1662 4802 nonnulla
1693 4728 1793 4799 enim
1818 4727 1948 4802 clarius

237 4882 418 4976 perspexi,
444 4906 556 4978 quam
580 4883 683 4976 prius
708 4885 944 4975 conjeceram.
996 4884 1257 4955 Verumtamen
1283 4884 1350 4955 etsi
1374 4884 1544 4980 pleraque
1571 4883 1622 4954 sic
1648 4880 1819 4976 explicari
1843 4874 1949 4977 posse
