<?xml version="1.0" encoding="UTF-8"?>
<!DOCTYPE html PUBLIC "-//W3C//DTD XHTML 1.0 Transitional//EN"
    "http://www.w3.org/TR/xhtml1/DTD/xhtml1-transitional.dtd">
<html xmlns="http://www.w3.org/1999/xhtml" xml:lang="en" lang="en">
 <head>
  <title>
</title>
<meta http-equiv="Content-Type" content="text/html;charset=utf-8" />
  <meta name='ocr-system' content='tesseract 3.04.00' />
  <meta name='ocr-capabilities' content='ocr_page ocr_carea ocr_par ocr_line ocrx_word'/>
</head>
<body>
  <div class='ocr_page' id='page_1' title='image "./rudimentalingua01grotgoog_0100.png"; bbox 0 0 4364 5754; ppageno 0'>
   <div class='ocr_carea' id='block_1_1' title="bbox 1043 596 1247 661">
    <p class='ocr_par' dir='ltr' id='par_1_1' title="bbox 1043 596 1247 661">
     <span class='ocr_line' id='line_1_1' title="bbox 1043 596 1247 661; baseline -0.005 -16"><span class='ocrx_word' id='word_1_1' title='bbox 1043 596 1247 661; x_wconf 80' lang='lat'>..12-</span> 
     </span>
    </p>
   </div>
   <div class='ocr_carea' id='block_1_2' title="bbox 285 754 2010 2146">
    <p class='ocr_par' dir='ltr' id='par_1_2' title="bbox 285 754 2010 2146">
     <span class='ocr_line' id='line_1_2' title="bbox 371 754 1452 850; baseline -0.008 -23"><span class='ocrx_word' id='word_1_2' title='bbox 371 759 416 837; x_wconf 85' lang='lat' dir='ltr'><strong>ll,</strong></span> <span class='ocrx_word' id='word_1_3' title='bbox 438 763 478 827; x_wconf 81' lang='lat'><strong>32</strong></span> <span class='ocrx_word' id='word_1_4' title='bbox 498 782 546 843; x_wconf 86' lang='lat' dir='ltr'><strong>sq.</strong></span> <span class='ocrx_word' id='word_1_5' title='bbox 586 757 699 850; x_wconf 68' lang='lat' dir='ltr'><strong>adedere</strong></span> <span class='ocrx_word' id='word_1_6' title='bbox 740 762 830 826; x_wconf 74' lang='lat' dir='ltr'><strong>seFo</strong></span> <span class='ocrx_word' id='word_1_7' title='bbox 870 757 978 848; x_wconf 77' lang='grc' dir='ltr'><strong><em>τεφρα</em></strong></span> <span class='ocrx_word' id='word_1_8' title='bbox 1019 759 1207 849; x_wconf 55' lang='lat' dir='ltr'><strong>amulungi</strong></span> <span class='ocrx_word' id='word_1_9' title='bbox 1249 754 1452 844; x_wconf 75' lang='lat' dir='ltr'><strong>ndooexote.</strong></span> 
     </span>
     <span class='ocr_line' id='line_1_3' title="bbox 586 869 1937 965; baseline -0.007 -23"><span class='ocrx_word' id='word_1_10' title='bbox 586 877 704 942; x_wconf 88' lang='lat' dir='ltr'><strong>deinde</strong></span> <span class='ocrx_word' id='word_1_11' title='bbox 755 877 821 943; x_wconf 90' lang='lat' dir='ltr'><strong>dno</strong></span> <span class='ocrx_word' id='word_1_12' title='bbox 862 890 980 965; x_wconf 89' lang='lat' dir='ltr'><strong>tepora</strong></span> <span class='ocrx_word' id='word_1_13' title='bbox 999 881 1038 955; x_wconf 90' lang='lat' dir='ltr'><strong>(s.</strong></span> <span class='ocrx_word' id='word_1_14' title='bbox 1062 876 1169 941; x_wconf 87' lang='lat' dir='ltr'><strong>calida</strong></span> <span class='ocrx_word' id='word_1_15' title='bbox 1190 883 1278 956; x_wconf 76' lang='lat' dir='ltr'><strong>exta)</strong></span> <span class='ocrx_word' id='word_1_16' title='bbox 1300 896 1375 938; x_wconf 85' lang='lat' dir='ltr'><strong>cum</strong></span> <span class='ocrx_word' id='word_1_17' title='bbox 1395 876 1556 938; x_wconf 76' lang='lat' dir='ltr'><strong>libatione</strong></span> <span class='ocrx_word' id='word_1_18' title='bbox 1575 869 1732 958; x_wconf 72' lang='grc' dir='ltr'><strong>(σπονδῇ)</strong></span> <span class='ocrx_word' id='word_1_19' title='bbox 1753 880 1937 956; x_wconf 74' lang='lat' dir='ltr'><strong>prosecuto.</strong></span> 
     </span>
     <span class='ocr_line' id='line_1_4' title="bbox 372 990 1515 1086; baseline -0.007 -23"><span class='ocrx_word' id='word_1_20' title='bbox 372 990 415 1075; x_wconf 85' lang='lat' dir='ltr'><strong>II,</strong></span> <span class='ocrx_word' id='word_1_21' title='bbox 435 999 477 1063; x_wconf 79' lang='lat'><strong>34</strong></span> <span class='ocrx_word' id='word_1_22' title='bbox 497 1018 544 1079; x_wconf 83' lang='lat' dir='ltr'><strong>sq.</strong></span> <span class='ocrx_word' id='word_1_23' title='bbox 588 1018 702 1079; x_wconf 72' lang='lat' dir='ltr'><strong>saeuas</strong></span> <span class='ocrx_word' id='word_1_24' title='bbox 734 995 862 1086; x_wconf 76' lang='grc' dir='ltr'><strong><em>ετραμα</em></strong></span> <span class='ocrx_word' id='word_1_25' title='bbox 892 1015 1014 1061; x_wconf 76' lang='lat' dir='ltr'><strong>onom</strong></span> <span class='ocrx_word' id='word_1_26' title='bbox 1042 997 1135 1061; x_wconf 77' lang='lat' dir='ltr'><strong>aaFa</strong></span> <span class='ocrx_word' id='word_1_27' title='bbox 1165 993 1274 1081; x_wconf 74' lang='grc' dir='ltr'><strong><em>τεφρα</em></strong></span> <span class='ocrx_word' id='word_1_28' title='bbox 1314 992 1515 1082; x_wconf 70' lang='lat' dir='ltr'><strong>adcrescas.</strong></span> 
     </span>
     <span class='ocr_line' id='line_1_5' title="bbox 587 1113 1591 1200; baseline -0.003 -24"><span class='ocrx_word' id='word_1_29' title='bbox 587 1113 705 1178; x_wconf 84' lang='lat' dir='ltr'><strong>deinde</strong></span> <span class='ocrx_word' id='word_1_30' title='bbox 746 1116 851 1179; x_wconf 84' lang='lat' dir='ltr'><strong>altera</strong></span> <span class='ocrx_word' id='word_1_31' title='bbox 871 1115 1032 1178; x_wconf 80' lang='lat' dir='ltr'><strong>libatione</strong></span> <span class='ocrx_word' id='word_1_32' title='bbox 1052 1115 1119 1177; x_wconf 90' lang='lat' dir='ltr'><strong>duo</strong></span> <span class='ocrx_word' id='word_1_33' title='bbox 1148 1125 1264 1200; x_wconf 88' lang='lat' dir='ltr'><strong>tepora</strong></span> <span class='ocrx_word' id='word_1_34' title='bbox 1285 1113 1388 1189; x_wconf 84' lang='lat' dir='ltr'><strong>(exta)</strong></span> <span class='ocrx_word' id='word_1_35' title='bbox 1410 1120 1591 1197; x_wconf 75' lang='lat' dir='ltr'><strong>prosecuto.</strong></span> 
     </span>
     <span class='ocr_line' id='line_1_6' title="bbox 387 1229 1540 1322; baseline -0.001 -30"><span class='ocrx_word' id='word_1_36' title='bbox 387 1231 414 1310; x_wconf 86' lang='lat'><strong>1,</strong></span> <span class='ocrx_word' id='word_1_37' title='bbox 456 1233 487 1296; x_wconf 75' lang='lat'><strong>2.</strong></span> <span class='ocrx_word' id='word_1_38' title='bbox 593 1254 706 1314; x_wconf 72' lang='grc' dir='ltr'><strong>ινεμεκ</strong></span> <span class='ocrx_word' id='word_1_39' title='bbox 736 1230 895 1321; x_wconf 58' lang='lat' dir='ltr'><strong>vedetosa</strong></span> <span class='ocrx_word' id='word_1_40' title='bbox 927 1253 1047 1298; x_wconf 78' lang='grc' dir='ltr'>σπαντι</span> <span class='ocrx_word' id='word_1_41' title='bbox 1075 1254 1167 1322; x_wconf 75' lang='lat' dir='ltr'><strong>apuu</strong></span> <span class='ocrx_word' id='word_1_42' title='bbox 1198 1229 1307 1319; x_wconf 73' lang='grc' dir='ltr'><strong><em>τεφρα</em></strong></span> <span class='ocrx_word' id='word_1_43' title='bbox 1338 1230 1540 1319; x_wconf 68' lang='lat' dir='ltr'><strong>adeotatae.</strong></span> 
     </span>
     <span class='ocr_line' id='line_1_7' title="bbox 588 1343 1679 1434; baseline -0.005 -23"><span class='ocrx_word' id='word_1_44' title='bbox 588 1349 704 1413; x_wconf 88' lang='lat' dir='ltr'><strong>deinde</strong></span> <span class='ocrx_word' id='word_1_45' title='bbox 765 1353 866 1414; x_wconf 89' lang='lat' dir='ltr'><strong>tertia</strong></span> <span class='ocrx_word' id='word_1_46' title='bbox 903 1351 1063 1414; x_wconf 80' lang='lat' dir='ltr'><strong>libatione</strong></span> <span class='ocrx_word' id='word_1_47' title='bbox 1094 1353 1161 1413; x_wconf 88' lang='lat' dir='ltr'><strong>tria</strong></span> <span class='ocrx_word' id='word_1_48' title='bbox 1192 1361 1308 1434; x_wconf 88' lang='lat' dir='ltr'><strong>tepora</strong></span> <span class='ocrx_word' id='word_1_49' title='bbox 1328 1349 1430 1427; x_wconf 83' lang='lat' dir='ltr'><strong>(exta)</strong></span> <span class='ocrx_word' id='word_1_50' title='bbox 1452 1355 1622 1433; x_wconf 77' lang='lat' dir='ltr'><strong>prosecuto</strong></span> <span class='ocrx_word' id='word_1_51' title='bbox 1636 1343 1679 1423; x_wconf 80' lang='lat'><strong>*).</strong></span> 
     </span>
     <span class='ocr_line' id='line_1_8' title="bbox 289 1461 2010 1559; baseline -0.002 -35"><span class='ocrx_word' id='word_1_52' title='bbox 289 1463 401 1559; x_wconf 25' lang='lat' dir='ltr'><strong>Inlhis</strong></span> <span class='ocrx_word' id='word_1_53' title='bbox 422 1476 533 1528; x_wconf 86' lang='lat' dir='ltr'><strong>autem</strong></span> <span class='ocrx_word' id='word_1_54' title='bbox 553 1469 688 1549; x_wconf 86' lang='lat' dir='ltr'><strong>tabulis,</strong></span> <span class='ocrx_word' id='word_1_55' title='bbox 710 1471 802 1532; x_wconf 89' lang='lat' dir='ltr'><strong>utin</strong></span> <span class='ocrx_word' id='word_1_56' title='bbox 824 1472 951 1552; x_wconf 81' lang='lat' dir='ltr'><strong>quinta,</strong></span> <span class='ocrx_word' id='word_1_57' title='bbox 973 1489 1080 1532; x_wconf 89' lang='lat' dir='ltr'><strong>sermo</strong></span> <span class='ocrx_word' id='word_1_58' title='bbox 1103 1479 1152 1531; x_wconf 86' lang='lat' dir='ltr'><strong>est</strong></span> <span class='ocrx_word' id='word_1_59' title='bbox 1171 1466 1212 1530; x_wconf 88' lang='lat' dir='ltr'><strong>de</strong></span> <span class='ocrx_word' id='word_1_60' title='bbox 1232 1468 1404 1529; x_wconf 83' lang='lat' dir='ltr'><strong>sacrificiis</strong></span> <span class='ocrx_word' id='word_1_61' title='bbox 1425 1467 1473 1543; x_wconf 82' lang='lat' dir='ltr'><strong>(F</strong></span> <span class='ocrx_word' id='word_1_62' title='bbox 1475 1462 1595 1546; x_wconf 71' lang='grc' dir='ltr'><strong><em>ερτεῤ</em></strong></span> <span class='ocrx_word' id='word_1_63' title='bbox 1616 1463 1661 1542; x_wconf 88' lang='grc' dir='ltr'><strong>ΙΙ,</strong></span> <span class='ocrx_word' id='word_1_64' title='bbox 1677 1466 1706 1528; x_wconf 91' lang='lat' dir='ltr'><strong>l.</strong></span> <span class='ocrx_word' id='word_1_65' title='bbox 1728 1461 1774 1539; x_wconf 91' lang='lat' dir='ltr'><strong>V,</strong></span> <span class='ocrx_word' id='word_1_66' title='bbox 1790 1481 1820 1540; x_wconf 78' lang='lat' dir='ltr'><strong>a,</strong></span> <span class='ocrx_word' id='word_1_67' title='bbox 1841 1463 1892 1526; x_wconf 80' lang='lat' dir='ltr'><strong>to.</strong></span> <span class='ocrx_word' id='word_1_68' title='bbox 1915 1461 2010 1543; x_wconf 83' lang='lat' dir='ltr'><strong>quasi</strong></span> 
     </span>
     <span class='ocr_line' id='line_1_9' title="bbox 286 1564 2010 1675; baseline -0.002 -29"><span class='ocrx_word' id='word_1_69' title='bbox 286 1578 544 1670; x_wconf 75' lang='grc' dir='ltr'><strong>χαριστηρίοις);</strong></span> <span class='ocrx_word' id='word_1_70' title='bbox 577 1605 679 1669; x_wconf 85' lang='lat' dir='ltr'><strong>eaque</strong></span> <span class='ocrx_word' id='word_1_71' title='bbox 705 1587 788 1648; x_wconf 88' lang='lat' dir='ltr'><strong>finnt</strong></span> <span class='ocrx_word' id='word_1_72' title='bbox 808 1588 999 1668; x_wconf 69' lang='lat' dir='ltr'><strong>Hesperu</strong></span> <span class='ocrx_word' id='word_1_73' title='bbox 1019 1584 1282 1675; x_wconf 62' lang='lat' dir='ltr'><strong>Heredem-II,</strong></span> <span class='ocrx_word' id='word_1_74' title='bbox 1304 1587 1345 1650; x_wconf 77' lang='lat'><strong>26</strong></span> <span class='ocrx_word' id='word_1_75' title='bbox 1367 1595 1429 1649; x_wconf 86' lang='lat' dir='ltr'><strong>cet.</strong></span> <span class='ocrx_word' id='word_1_76' title='bbox 1451 1593 1485 1646; x_wconf 84' lang='lat' dir='ltr'><strong>et</strong></span> <span class='ocrx_word' id='word_1_77' title='bbox 1506 1584 1539 1648; x_wconf 84' lang='lat' dir='ltr'><strong>F</strong></span> <span class='ocrx_word' id='word_1_78' title='bbox 1542 1602 1664 1646; x_wconf 78' lang='lat' dir='ltr'><strong>eosve</strong></span> <span class='ocrx_word' id='word_1_79' title='bbox 1684 1580 1902 1661; x_wconf 73' lang='grc' dir='ltr'><strong>Πεειιωες</strong></span> <span class='ocrx_word' id='word_1_80' title='bbox 1921 1564 2010 1642; x_wconf 74' lang='lat' dir='ltr'><strong>Ha-</strong></span> 
     </span>
     <span class='ocr_line' id='line_1_10' title="bbox 287 1695 2007 1787; baseline -0.001 -25"><span class='ocrx_word' id='word_1_81' title='bbox 287 1695 386 1785; x_wconf 78' lang='grc' dir='ltr'><strong>πριζ</strong></span> <span class='ocrx_word' id='word_1_82' title='bbox 391 1721 430 1776; x_wconf 85' lang='grc' dir='ltr'><strong>ες</strong></span> <span class='ocrx_word' id='word_1_83' title='bbox 451 1701 478 1779; x_wconf 92' lang='lat' dir='ltr'><strong>l,</strong></span> <span class='ocrx_word' id='word_1_84' title='bbox 499 1705 519 1766; x_wconf 80' lang='lat'>³</span> <span class='ocrx_word' id='word_1_85' title='bbox 542 1713 623 1781; x_wconf 82' lang='lat' dir='ltr'><strong>cet,</strong></span> <span class='ocrx_word' id='word_1_86' title='bbox 645 1724 786 1786; x_wconf 82' lang='lat' dir='ltr'><strong>quarum</strong></span> <span class='ocrx_word' id='word_1_87' title='bbox 808 1705 903 1766; x_wconf 88' lang='lat' dir='ltr'><strong>illam</strong></span> <span class='ocrx_word' id='word_1_88' title='bbox 924 1704 1153 1782; x_wconf 90' lang='lat' dir='ltr'><strong>Pomonam‚</strong></span> <span class='ocrx_word' id='word_1_89' title='bbox 1181 1723 1358 1787; x_wconf 92' lang='lat' dir='ltr'><strong>pomorum</strong></span> <span class='ocrx_word' id='word_1_90' title='bbox 1377 1712 1551 1786; x_wconf 89' lang='lat' dir='ltr'><strong>patronam</strong></span> <span class='ocrx_word' id='word_1_91' title='bbox 1577 1698 1757 1762; x_wconf 88' lang='lat' dir='ltr'><strong>secundum</strong></span> <span class='ocrx_word' id='word_1_92' title='bbox 1777 1697 1878 1759; x_wconf 86' lang='lat' dir='ltr'><strong>Varr.</strong></span> <span class='ocrx_word' id='word_1_93' title='bbox 1902 1697 1943 1762; x_wconf 83' lang='lat' dir='ltr'><strong>L.</strong></span> <span class='ocrx_word' id='word_1_94' title='bbox 1966 1697 2007 1762; x_wconf 83' lang='lat' dir='ltr'><strong>L.</strong></span> 
     </span>
     <span class='ocr_line' id='line_1_11' title="bbox 287 1815 2007 1902; baseline -0.002 -26"><span class='ocrx_word' id='word_1_95' title='bbox 287 1815 348 1895; x_wconf 86' lang='lat' dir='ltr'><strong>Vl,</strong></span> <span class='ocrx_word' id='word_1_96' title='bbox 379 1822 399 1882; x_wconf 86' lang='lat'><strong>3</strong></span> <span class='ocrx_word' id='word_1_97' title='bbox 430 1838 450 1879; x_wconf 89' lang='lat' dir='ltr'><strong>a</strong></span> <span class='ocrx_word' id='word_1_98' title='bbox 482 1818 565 1885; x_wconf 91' lang='lat' dir='ltr'><strong>med.</strong></span> <span class='ocrx_word' id='word_1_99' title='bbox 600 1820 696 1884; x_wconf 86' lang='lat' dir='ltr'><strong>Ovid.</strong></span> <span class='ocrx_word' id='word_1_100' title='bbox 730 1821 812 1885; x_wconf 85' lang='lat' dir='ltr'><strong>Met</strong></span> <span class='ocrx_word' id='word_1_101' title='bbox 839 1819 936 1902; x_wconf 87' lang='lat' dir='ltr'>XIV,</span> <span class='ocrx_word' id='word_1_102' title='bbox 969 1825 1058 1901; x_wconf 66' lang='lat'><strong>623„</strong></span> <span class='ocrx_word' id='word_1_103' title='bbox 1090 1822 1177 1883; x_wconf 89' lang='lat' dir='ltr'><strong>hanc</strong></span> <span class='ocrx_word' id='word_1_104' title='bbox 1207 1821 1372 1883; x_wconf 89' lang='lat' dir='ltr'><strong>Pomonae</strong></span> <span class='ocrx_word' id='word_1_105' title='bbox 1403 1822 1558 1882; x_wconf 86' lang='lat' dir='ltr'><strong>comitem</strong></span> <span class='ocrx_word' id='word_1_106' title='bbox 1588 1819 1760 1879; x_wconf 77' lang='lat' dir='ltr'><strong>Feroniam</strong></span> <span class='ocrx_word' id='word_1_107' title='bbox 1792 1818 2007 1899; x_wconf 86' lang='lat' dir='ltr'><strong>interpretor.</strong></span> 
     </span>
     <span class='ocr_line' id='line_1_12' title="bbox 286 1929 2009 2026; baseline 0.008 -31"><span class='ocrx_word' id='word_1_108' title='bbox 286 1931 465 2019; x_wconf 72' lang='lat' dir='ltr'><strong>Utriusque</strong></span> <span class='ocrx_word' id='word_1_109' title='bbox 486 1934 566 1999; x_wconf 88' lang='lat' dir='ltr'><strong>deae</strong></span> <span class='ocrx_word' id='word_1_110' title='bbox 586 1942 721 2000; x_wconf 88' lang='lat' dir='ltr'><strong>nomina</strong></span> <span class='ocrx_word' id='word_1_111' title='bbox 743 1941 778 1999; x_wconf 91' lang='lat' dir='ltr'><strong>in</strong></span> <span class='ocrx_word' id='word_1_112' title='bbox 799 1942 1070 2024; x_wconf 75' lang='lat' dir='ltr'><strong>inscriptionibus</strong></span> <span class='ocrx_word' id='word_1_113' title='bbox 1091 1939 1277 2001; x_wconf 89' lang='lat' dir='ltr'><strong>minoribus</strong></span> <span class='ocrx_word' id='word_1_114' title='bbox 1300 1940 1467 2026; x_wconf 78' lang='lat' dir='ltr'><strong>leguntur,</strong></span> <span class='ocrx_word' id='word_1_115' title='bbox 1500 1956 1684 2019; x_wconf 83' lang='lat' dir='ltr'><strong>quanquam</strong></span> <span class='ocrx_word' id='word_1_116' title='bbox 1703 1937 1775 1996; x_wconf 88' lang='lat' dir='ltr'><strong>sine</strong></span> <span class='ocrx_word' id='word_1_117' title='bbox 1796 1929 2009 2021; x_wconf 64' lang='grc' dir='ltr'><strong>Πθπριζᾶς</strong></span> 
     </span>
     <span class='ocr_line' id='line_1_13' title="bbox 285 2052 2008 2146; baseline 0.001 -34"><span class='ocrx_word' id='word_1_118' title='bbox 285 2056 492 2137; x_wconf 79' lang='lat' dir='ltr'><strong>cognomine,</strong></span> <span class='ocrx_word' id='word_1_119' title='bbox 515 2053 604 2138; x_wconf 83' lang='lat' dir='ltr'><strong>quod</strong></span> <span class='ocrx_word' id='word_1_120' title='bbox 618 2055 785 2146; x_wconf 84' lang='lat' dir='ltr'><strong>quideme</strong></span> <span class='ocrx_word' id='word_1_121' title='bbox 805 2056 994 2146; x_wconf 79' lang='grc' dir='ltr'>φαμερια</span> <span class='ocrx_word' id='word_1_122' title='bbox 1014 2054 1247 2144; x_wconf 71' lang='grc' dir='ltr'><strong>Πυμπερια</strong></span> <span class='ocrx_word' id='word_1_123' title='bbox 1268 2053 1486 2118; x_wconf 87' lang='lat' dir='ltr'><strong>derivandum</strong></span> <span class='ocrx_word' id='word_1_124' title='bbox 1498 2052 1643 2131; x_wconf 88' lang='lat' dir='ltr'><strong>videtur,</strong></span> <span class='ocrx_word' id='word_1_125' title='bbox 1666 2070 1761 2134; x_wconf 82' lang='lat' dir='ltr'><strong>quae,</strong></span> <span class='ocrx_word' id='word_1_126' title='bbox 1783 2053 1846 2112; x_wconf 88' lang='lat' dir='ltr'><strong>sia</strong></span> <span class='ocrx_word' id='word_1_127' title='bbox 1866 2069 2008 2130; x_wconf 75' lang='grc' dir='ltr'><em>πεμπε</em></span> 
     </span>
    </p>
   </div>
   <div class='ocr_carea' id='block_1_3' title="bbox 150 2167 2007 2262">
    <p class='ocr_par' dir='ltr' id='par_1_3' title="bbox 150 2167 2007 2262">
     <span class='ocr_line' id='line_1_14' title="bbox 150 2167 2007 2262; baseline -0.002 -31"><span class='ocrx_word' id='word_1_128' title='bbox 150 2206 152 2210; x_wconf 33' lang='grc' dir='ltr'><em>ν</em></span> <span class='ocrx_word' id='word_1_129' title='bbox 285 2168 345 2247; x_wconf 87' lang='lat'>111,</span> <span class='ocrx_word' id='word_1_130' title='bbox 369 2191 397 2248; x_wconf 90' lang='lat' dir='ltr'><strong>a,</strong></span> <span class='ocrx_word' id='word_1_131' title='bbox 419 2176 439 2237; x_wconf 88' lang='grc'>3</span> <span class='ocrx_word' id='word_1_132' title='bbox 462 2183 494 2234; x_wconf 88' lang='lat' dir='ltr'><strong>et</strong></span> <span class='ocrx_word' id='word_1_133' title='bbox 516 2176 563 2237; x_wconf 86' lang='lat'><strong>10.</strong></span> <span class='ocrx_word' id='word_1_134' title='bbox 595 2194 715 2236; x_wconf 91' lang='lat' dir='ltr'><strong>nomen</strong></span> <span class='ocrx_word' id='word_1_135' title='bbox 747 2177 891 2259; x_wconf 88' lang='lat' dir='ltr'><strong>accepit,</strong></span> <span class='ocrx_word' id='word_1_136' title='bbox 924 2194 977 2238; x_wconf 85' lang='lat' dir='ltr'><strong>eas</strong></span> <span class='ocrx_word' id='word_1_137' title='bbox 1007 2184 1119 2262; x_wconf 78' lang='lat' dir='ltr'><strong>gentes</strong></span> <span class='ocrx_word' id='word_1_138' title='bbox 1151 2174 1450 2257; x_wconf 82' lang='lat' dir='ltr'><strong>complectebatur,</strong></span> <span class='ocrx_word' id='word_1_139' title='bbox 1482 2191 1565 2254; x_wconf 87' lang='lat' dir='ltr'><strong>quae</strong></span> <span class='ocrx_word' id='word_1_140' title='bbox 1595 2174 1629 2231; x_wconf 90' lang='lat' dir='ltr'><strong>in</strong></span> <span class='ocrx_word' id='word_1_141' title='bbox 1656 2171 1784 2254; x_wconf 80' lang='lat' dir='ltr'><strong>pompis</strong></span> <span class='ocrx_word' id='word_1_142' title='bbox 1805 2167 2007 2256; x_wconf 89' lang='lat' dir='ltr'><strong>sollennibus</strong></span> 
     </span>
    </p>
   </div>
   <div class='ocr_carea' id='block_1_4' title="bbox 281 2290 2008 2723">
    <p class='ocr_par' dir='ltr' id='par_1_4' title="bbox 284 2290 819 2372">
     <span class='ocr_line' id='line_1_15' title="bbox 284 2290 819 2372; baseline 0.011 -24"><span class='ocrx_word' id='word_1_143' title='bbox 284 2290 503 2372; x_wconf 86' lang='lat' dir='ltr'><strong>principalem</strong></span> <span class='ocrx_word' id='word_1_144' title='bbox 523 2290 635 2353; x_wconf 90' lang='lat' dir='ltr'><strong>locum</strong></span> <span class='ocrx_word' id='word_1_145' title='bbox 657 2293 819 2356; x_wconf 80' lang='lat' dir='ltr'><strong>tenebant.</strong></span> 
     </span>
    </p>

    <p class='ocr_par' dir='ltr' id='par_1_5' title="bbox 281 2401 2008 2723">
     <span class='ocr_line' id='line_1_16' title="bbox 401 2401 2007 2496; baseline -0.005 -24"><span class='ocrx_word' id='word_1_146' title='bbox 401 2429 405 2433; x_wconf 75' lang='grc'>’</span> <span class='ocrx_word' id='word_1_147' title='bbox 448 2412 496 2472; x_wconf 94' lang='lat'><strong>11.</strong></span> <span class='ocrx_word' id='word_1_148' title='bbox 542 2408 796 2494; x_wconf 82' lang='lat' dir='ltr'><strong>Inscription&#39;em</strong></span> <span class='ocrx_word' id='word_1_149' title='bbox 830 2409 916 2496; x_wconf 91' lang='lat' dir='ltr'><strong>apud</strong></span> <span class='ocrx_word' id='word_1_150' title='bbox 936 2410 1146 2473; x_wconf 81' lang='lat' dir='ltr'><strong>Amiternum</strong></span> <span class='ocrx_word' id='word_1_151' title='bbox 1178 2413 1214 2472; x_wconf 93' lang='lat' dir='ltr'><strong>in</strong></span> <span class='ocrx_word' id='word_1_152' title='bbox 1235 2408 1366 2472; x_wconf 84' lang='lat' dir='ltr'><strong>Sabinis</strong></span> <span class='ocrx_word' id='word_1_153' title='bbox 1394 2406 1555 2470; x_wconf 89' lang='lat' dir='ltr'><strong>detectam</strong></span> <span class='ocrx_word' id='word_1_154' title='bbox 1588 2407 1635 2467; x_wconf 88' lang='lat' dir='ltr'><strong>sic</strong></span> <span class='ocrx_word' id='word_1_155' title='bbox 1662 2401 1877 2488; x_wconf 76' lang='lat' dir='ltr'><strong>supplendam</strong></span> <span class='ocrx_word' id='word_1_156' title='bbox 1907 2412 2007 2486; x_wconf 82' lang='lat' dir='ltr'><strong>atque</strong></span> 
     </span>
     <span class='ocr_line' id='line_1_17' title="bbox 282 2518 2008 2607; baseline -0.001 -23"><span class='ocrx_word' id='word_1_157' title='bbox 282 2523 565 2607; x_wconf 85' lang='lat' dir='ltr'><strong>interpretandam</strong></span> <span class='ocrx_word' id='word_1_158' title='bbox 596 2547 730 2590; x_wconf 88' lang='lat' dir='ltr'><strong>censeo:</strong></span> <span class='ocrx_word' id='word_1_159' title='bbox 772 2527 948 2591; x_wconf 83' lang='lat' dir='ltr'>MESENE</span> <span class='ocrx_word' id='word_1_160' title='bbox 989 2527 1179 2591; x_wconf 83' lang='lat' dir='ltr'><strong>FLUSARE</strong></span> <span class='ocrx_word' id='word_1_161' title='bbox 1209 2522 1434 2589; x_wconf 83' lang='lat' dir='ltr'><strong>POIMVNIF</strong></span> <span class='ocrx_word' id='word_1_162' title='bbox 1466 2523 1544 2587; x_wconf 85' lang='lat' dir='ltr'><strong>S...</strong></span> <span class='ocrx_word' id='word_1_163' title='bbox 1581 2521 1793 2584; x_wconf 83' lang='lat' dir='ltr'><strong>ATERNOm</strong></span> <span class='ocrx_word' id='word_1_164' title='bbox 1839 2518 2008 2584; x_wconf 78' lang='lat' dir='ltr'><strong>AVNOM</strong></span> 
     </span>
     <span class='ocr_line' id='line_1_18' title="bbox 281 2637 2007 2723; baseline -0.001 -21"><span class='ocrx_word' id='word_1_165' title='bbox 281 2641 504 2723; x_wconf 86' lang='lat' dir='ltr'><strong>HIRETVM,</strong></span> <span class='ocrx_word' id='word_1_166' title='bbox 527 2660 662 2708; x_wconf 88' lang='lat' dir='ltr'><strong>mense</strong></span> <span class='ocrx_word' id='word_1_167' title='bbox 684 2645 846 2708; x_wconf 88' lang='lat' dir='ltr'><strong>Florali</strong></span> <span class='ocrx_word' id='word_1_168' title='bbox 867 2646 1067 2710; x_wconf 88' lang='lat' dir='ltr'><strong>Pomonae</strong></span> <span class='ocrx_word' id='word_1_169' title='bbox 1088 2647 1166 2710; x_wconf 88' lang='lat' dir='ltr'><strong>S.·..</strong></span> <span class='ocrx_word' id='word_1_170' title='bbox 1189 2645 1239 2708; x_wconf 87' lang='lat' dir='ltr'><strong>ad</strong></span> <span class='ocrx_word' id='word_1_171' title='bbox 1258 2647 1459 2708; x_wconf 80' lang='lat' dir='ltr'><strong>Aternum</strong></span> <span class='ocrx_word' id='word_1_172' title='bbox 1481 2663 1629 2705; x_wconf 89' lang='lat' dir='ltr'><strong>amnem</strong></span> <span class='ocrx_word' id='word_1_173' title='bbox 1650 2650 1867 2703; x_wconf 85' lang='lat' dir='ltr'><strong>sacratum.</strong></span> <span class='ocrx_word' id='word_1_174' title='bbox 1911 2637 2007 2702; x_wconf 90' lang='lat' dir='ltr'><strong>Sicut</strong></span> 
     </span>
    </p>
   </div>
   <div class='ocr_carea' id='block_1_5' title="bbox 280 2754 2004 2965">
    <p class='ocr_par' dir='ltr' id='par_1_6' title="bbox 280 2754 2004 2965">
     <span class='ocr_line' id='line_1_19' title="bbox 281 2754 2004 2847; baseline 0.001 -29"><span class='ocrx_word' id='word_1_175' title='bbox 281 2760 316 2818; x_wconf 93' lang='lat' dir='ltr'><strong>in</strong></span> <span class='ocrx_word' id='word_1_176' title='bbox 337 2758 534 2844; x_wconf 87' lang='lat' dir='ltr'><strong>Pompejana</strong></span> <span class='ocrx_word' id='word_1_177' title='bbox 555 2759 671 2841; x_wconf 86' lang='lat' dir='ltr'><strong>domo,</strong></span> <span class='ocrx_word' id='word_1_178' title='bbox 694 2784 792 2846; x_wconf 86' lang='lat' dir='ltr'><strong>quom</strong></span> <span class='ocrx_word' id='word_1_179' title='bbox 813 2764 916 2826; x_wconf 89' lang='lat' dir='ltr'><strong>Fauni</strong></span> <span class='ocrx_word' id='word_1_180' title='bbox 937 2764 1069 2842; x_wconf 89' lang='lat' dir='ltr'><strong>dicunt,</strong></span> <span class='ocrx_word' id='word_1_181' title='bbox 1099 2765 1181 2827; x_wconf 89' lang='lat' dir='ltr'><strong>Osce</strong></span> <span class='ocrx_word' id='word_1_182' title='bbox 1206 2762 1400 2828; x_wconf 68' lang='grc' dir='ltr'><strong>Φλθεσαι</strong></span> <span class='ocrx_word' id='word_1_183' title='bbox 1420 2782 1482 2847; x_wconf 91' lang='lat' dir='ltr'><strong>pro</strong></span> <span class='ocrx_word' id='word_1_184' title='bbox 1503 2762 1655 2825; x_wconf 85' lang='lat' dir='ltr'><strong>Florae</strong></span> <span class='ocrx_word' id='word_1_185' title='bbox 1676 2762 1837 2843; x_wconf 87' lang='lat' dir='ltr'><strong>scriptum</strong></span> <span class='ocrx_word' id='word_1_186' title='bbox 1857 2754 2004 2837; x_wconf 76' lang='lat' dir='ltr'><strong>videtur,</strong></span> 
     </span>
     <span class='ocr_line' id='line_1_20' title="bbox 280 2875 2003 2965; baseline 0.001 -29"><span class='ocrx_word' id='word_1_187' title='bbox 280 2878 329 2936; x_wconf 87' lang='lat' dir='ltr'><strong>sic</strong></span> <span class='ocrx_word' id='word_1_188' title='bbox 349 2896 483 2940; x_wconf 86' lang='lat' dir='ltr'><strong>mense</strong></span> <span class='ocrx_word' id='word_1_189' title='bbox 504 2879 696 2958; x_wconf 86' lang='lat' dir='ltr'><strong>Flusare,</strong></span> <span class='ocrx_word' id='word_1_190' title='bbox 719 2879 807 2963; x_wconf 90' lang='lat' dir='ltr'><strong>quod</strong></span> <span class='ocrx_word' id='word_1_191' title='bbox 829 2884 863 2941; x_wconf 90' lang='lat' dir='ltr'><strong>in</strong></span> <span class='ocrx_word' id='word_1_192' title='bbox 884 2879 994 2965; x_wconf 89' lang='lat' dir='ltr'><strong>lapide</strong></span> <span class='ocrx_word' id='word_1_193' title='bbox 1016 2883 1056 2944; x_wconf 92' lang='lat' dir='ltr'><strong>ab</strong></span> <span class='ocrx_word' id='word_1_194' title='bbox 1078 2902 1107 2943; x_wconf 89' lang='lat' dir='ltr'><strong>a.</strong></span> <span class='ocrx_word' id='word_1_195' title='bbox 1122 2883 1161 2944; x_wconf 88' lang='lat' dir='ltr'><strong>U.</strong></span> <span class='ocrx_word' id='word_1_196' title='bbox 1176 2903 1203 2943; x_wconf 92' lang='lat' dir='ltr'><strong>c.</strong></span> <span class='ocrx_word' id='word_1_197' title='bbox 1217 2883 1288 2956; x_wconf 81' lang='grc'><strong>695.</strong></span> <span class='ocrx_word' id='word_1_198' title='bbox 1313 2878 1400 2965; x_wconf 91' lang='lat' dir='ltr'><strong>apud</strong></span> <span class='ocrx_word' id='word_1_199' title='bbox 1411 2879 1536 2943; x_wconf 89' lang='lat' dir='ltr'><strong>Murat.</strong></span> <span class='ocrx_word' id='word_1_200' title='bbox 1549 2875 1790 2954; x_wconf 83' lang='lat' dir='ltr'>DLXXXVII,</span> <span class='ocrx_word' id='word_1_201' title='bbox 1815 2881 1844 2942; x_wconf 89' lang='lat' dir='ltr'><strong>l.</strong></span> <span class='ocrx_word' id='word_1_202' title='bbox 1866 2876 2003 2962; x_wconf 74' lang='lat' dir='ltr'><strong>legitur,</strong></span> 
     </span>
    </p>
   </div>
   <div class='ocr_carea' id='block_1_6' title="bbox 280 2985 2004 3084">
    <p class='ocr_par' dir='ltr' id='par_1_7' title="bbox 280 2985 2004 3084">
     <span class='ocr_line' id='line_1_21' title="bbox 280 2985 2004 3084; baseline 0.001 -30"><span class='ocrx_word' id='word_1_203' title='bbox 280 3013 342 3077; x_wconf 90' lang='lat' dir='ltr'><strong>pro</strong></span> <span class='ocrx_word' id='word_1_204' title='bbox 365 3014 498 3056; x_wconf 85' lang='lat' dir='ltr'><strong>mense</strong></span> <span class='ocrx_word' id='word_1_205' title='bbox 520 2996 681 3058; x_wconf 88' lang='lat' dir='ltr'><strong>Florali</strong></span> <span class='ocrx_word' id='word_1_206' title='bbox 702 2998 773 3059; x_wconf 85' lang='lat' dir='ltr'><strong>sive</strong></span> <span class='ocrx_word' id='word_1_207' title='bbox 792 2995 898 3080; x_wconf 79' lang='grc' dir='ltr'><em>μηνὸς</em></span> <span class='ocrx_word' id='word_1_208' title='bbox 920 2989 1200 3084; x_wconf 68' lang='grc' dir='ltr'><strong><em>Ἀνθεστηριῶνος</em></strong></span> <span class='ocrx_word' id='word_1_209' title='bbox 1221 2999 1323 3061; x_wconf 83' lang='lat' dir='ltr'><strong>scribi</strong></span> <span class='ocrx_word' id='word_1_210' title='bbox 1344 3000 1470 3081; x_wconf 80' lang='lat' dir='ltr'><strong>potuit3</strong></span> <span class='ocrx_word' id='word_1_211' title='bbox 1506 2998 1693 3058; x_wconf 87' lang='lat' dir='ltr'><strong>biretum</strong></span> <span class='ocrx_word' id='word_1_212' title='bbox 1715 3005 1824 3058; x_wconf 90' lang='lat' dir='ltr'><strong>autem</strong></span> <span class='ocrx_word' id='word_1_213' title='bbox 1845 2994 1886 3056; x_wconf 92' lang='lat' dir='ltr'><strong>ab</strong></span> <span class='ocrx_word' id='word_1_214' title='bbox 1905 2985 2004 3077; x_wconf 70' lang='grc' dir='ltr'><strong>ἱερόω</strong></span> 
     </span>
    </p>
   </div>
   <div class='ocr_carea' id='block_1_7' title="bbox 276 3108 2004 4023">
    <p class='ocr_par' dir='ltr' id='par_1_8' title="bbox 276 3108 2004 4023">
     <span class='ocr_line' id='line_1_22' title="bbox 280 3108 2004 3200; baseline -0.001 -27"><span class='ocrx_word' id='word_1_215' title='bbox 280 3108 498 3174; x_wconf 79' lang='lat' dir='ltr'><strong>derivandum</strong></span> <span class='ocrx_word' id='word_1_216' title='bbox 518 3110 671 3193; x_wconf 85' lang='lat' dir='ltr'><strong>videtur,</strong></span> <span class='ocrx_word' id='word_1_217' title='bbox 703 3117 789 3178; x_wconf 89' lang='lat' dir='ltr'><strong>sicut</strong></span> <span class='ocrx_word' id='word_1_218' title='bbox 821 3135 978 3194; x_wconf 76' lang='lat' dir='ltr'><strong>eunom,</strong></span> <span class='ocrx_word' id='word_1_219' title='bbox 1012 3136 1074 3200; x_wconf 91' lang='lat' dir='ltr'><strong>pro</strong></span> <span class='ocrx_word' id='word_1_220' title='bbox 1105 3136 1245 3200; x_wconf 90' lang='lat' dir='ltr'><strong>apnom</strong></span> <span class='ocrx_word' id='word_1_221' title='bbox 1274 3136 1350 3178; x_wconf 88' lang='lat' dir='ltr'><strong>casu</strong></span> <span class='ocrx_word' id='word_1_222' title='bbox 1380 3116 1481 3176; x_wconf 90' lang='lat' dir='ltr'><strong>locali</strong></span> <span class='ocrx_word' id='word_1_223' title='bbox 1505 3118 1665 3199; x_wconf 87' lang='lat' dir='ltr'><strong>positum,</strong></span> <span class='ocrx_word' id='word_1_224' title='bbox 1697 3108 1783 3175; x_wconf 86' lang='lat' dir='ltr'><strong>unde</strong></span> <span class='ocrx_word' id='word_1_225' title='bbox 1804 3111 2004 3174; x_wconf 80' lang='lat' dir='ltr'><strong>Aternum</strong></span> 
     </span>
     <span class='ocr_line' id='line_1_23' title="bbox 280 3227 2002 3318; baseline -0.001 -28"><span class='ocrx_word' id='word_1_226' title='bbox 280 3227 395 3291; x_wconf 87' lang='lat' dir='ltr'><strong>eodem</strong></span> <span class='ocrx_word' id='word_1_227' title='bbox 417 3250 494 3291; x_wconf 91' lang='lat' dir='ltr'><strong>casu</strong></span> <span class='ocrx_word' id='word_1_228' title='bbox 515 3233 685 3316; x_wconf 85' lang='lat' dir='ltr'><strong>supplevi,</strong></span> <span class='ocrx_word' id='word_1_229' title='bbox 714 3233 754 3294; x_wconf 91' lang='lat' dir='ltr'><strong>ab</strong></span> <span class='ocrx_word' id='word_1_230' title='bbox 777 3253 870 3317; x_wconf 86' lang='lat' dir='ltr'><strong>apa,</strong></span> <span class='ocrx_word' id='word_1_231' title='bbox 892 3232 981 3316; x_wconf 86' lang='lat' dir='ltr'><strong>qnod</strong></span> <span class='ocrx_word' id='word_1_232' title='bbox 1001 3254 1064 3318; x_wconf 88' lang='lat' dir='ltr'><strong>pro</strong></span> <span class='ocrx_word' id='word_1_233' title='bbox 1085 3253 1188 3316; x_wconf 85' lang='lat' dir='ltr'><strong>aqua</strong></span> <span class='ocrx_word' id='word_1_234' title='bbox 1208 3242 1403 3317; x_wconf 88' lang='lat' dir='ltr'><strong>usurpatum</strong></span> <span class='ocrx_word' id='word_1_235' title='bbox 1424 3250 1493 3293; x_wconf 87' lang='lat' dir='ltr'><strong>esse</strong></span> <span class='ocrx_word' id='word_1_236' title='bbox 1522 3250 1641 3292; x_wconf 88' lang='lat' dir='ltr'><strong>nomen</strong></span> <span class='ocrx_word' id='word_1_237' title='bbox 1663 3228 1849 3292; x_wconf 86' lang='lat' dir='ltr'><strong>derivatum</strong></span> <span class='ocrx_word' id='word_1_238' title='bbox 1870 3231 2002 3291; x_wconf 87' lang='lat' dir='ltr'><strong>amnis</strong></span> 
     </span>
     <span class='ocr_line' id='line_1_24' title="bbox 279 3346 2001 3437; baseline -0.001 -29"><span class='ocrx_word' id='word_1_239' title='bbox 279 3357 428 3410; x_wconf 84' lang='lat' dir='ltr'><strong>testatur.</strong></span> <span class='ocrx_word' id='word_1_240' title='bbox 471 3348 508 3409; x_wconf 89' lang='lat' dir='ltr'><strong>ln</strong></span> <span class='ocrx_word' id='word_1_241' title='bbox 531 3349 629 3411; x_wconf 84' lang='lat' dir='ltr'><strong>litera</strong></span> <span class='ocrx_word' id='word_1_242' title='bbox 649 3346 672 3410; x_wconf 89' lang='lat' dir='ltr'>S</span> <span class='ocrx_word' id='word_1_243' title='bbox 694 3359 769 3432; x_wconf 90' lang='lat' dir='ltr'><strong>post</strong></span> <span class='ocrx_word' id='word_1_244' title='bbox 789 3349 1002 3412; x_wconf 87' lang='lat' dir='ltr'><strong>Poimnnie</strong></span> <span class='ocrx_word' id='word_1_245' title='bbox 1027 3361 1085 3413; x_wconf 90' lang='lat' dir='ltr'><strong>aut</strong></span> <span class='ocrx_word' id='word_1_246' title='bbox 1105 3351 1269 3413; x_wconf 89' lang='lat' dir='ltr'><strong>Pomonae</strong></span> <span class='ocrx_word' id='word_1_247' title='bbox 1295 3369 1475 3437; x_wconf 78' lang='lat' dir='ltr'><strong>cognomen</strong></span> <span class='ocrx_word' id='word_1_248' title='bbox 1498 3347 1632 3429; x_wconf 88' lang='lat' dir='ltr'><strong>aliquod</strong></span> <span class='ocrx_word' id='word_1_249' title='bbox 1653 3348 1752 3425; x_wconf 84' lang='lat' dir='ltr'><strong>latet,</strong></span> <span class='ocrx_word' id='word_1_250' title='bbox 1775 3356 1832 3409; x_wconf 90' lang='lat' dir='ltr'><strong>ant</strong></span> <span class='ocrx_word' id='word_1_251' title='bbox 1851 3355 2001 3409; x_wconf 87' lang='lat' dir='ltr'><strong>statum</strong></span> 
     </span>
     <span class='ocr_line' id='line_1_25' title="bbox 276 3463 2002 3555; baseline -0.001 -28"><span class='ocrx_word' id='word_1_252' title='bbox 276 3463 496 3550; x_wconf 86' lang='lat' dir='ltr'><strong>supplendum</strong></span> <span class='ocrx_word' id='word_1_253' title='bbox 518 3475 584 3544; x_wconf 88' lang='lat' dir='ltr'><strong>est,</strong></span> <span class='ocrx_word' id='word_1_254' title='bbox 606 3468 692 3527; x_wconf 85' lang='lat' dir='ltr'><strong>sicut</strong></span> <span class='ocrx_word' id='word_1_255' title='bbox 712 3468 746 3526; x_wconf 91' lang='lat' dir='ltr'><strong>in</strong></span> <span class='ocrx_word' id='word_1_256' title='bbox 767 3466 891 3528; x_wconf 88' lang='lat' dir='ltr'><strong>Volsca</strong></span> <span class='ocrx_word' id='word_1_257' title='bbox 912 3470 1130 3550; x_wconf 81' lang='lat' dir='ltr'><strong>inscriptione</strong></span> <span class='ocrx_word' id='word_1_258' title='bbox 1151 3469 1291 3555; x_wconf 77' lang='lat' dir='ltr'><strong>legitur:</strong></span> <span class='ocrx_word' id='word_1_259' title='bbox 1314 3468 1424 3530; x_wconf 78' lang='lat' dir='ltr'><strong>Deve</strong></span> <span class='ocrx_word' id='word_1_260' title='bbox 1444 3466 1632 3528; x_wconf 88' lang='lat' dir='ltr'><strong>Deolune</strong></span> <span class='ocrx_word' id='word_1_261' title='bbox 1653 3474 1804 3527; x_wconf 88' lang='lat' dir='ltr'><strong>statom</strong></span> <span class='ocrx_word' id='word_1_262' title='bbox 1826 3475 1859 3528; x_wconf 88' lang='lat' dir='ltr'><strong>et</strong></span> <span class='ocrx_word' id='word_1_263' title='bbox 1879 3466 1915 3525; x_wconf 94' lang='lat' dir='ltr'><strong>in</strong></span> <span class='ocrx_word' id='word_1_264' title='bbox 1936 3464 2002 3526; x_wconf 86' lang='lat' dir='ltr'><strong>fine</strong></span> 
     </span>
     <span class='ocr_line' id='line_1_26' title="bbox 279 3580 2000 3666; baseline -0.001 -22"><span class='ocrx_word' id='word_1_265' title='bbox 279 3602 322 3645; x_wconf 94' lang='lat' dir='ltr'><strong>ec</strong></span> <span class='ocrx_word' id='word_1_266' title='bbox 353 3603 392 3645; x_wconf 88' lang='lat' dir='ltr'><strong>se</strong></span> <span class='ocrx_word' id='word_1_267' title='bbox 424 3585 612 3645; x_wconf 86' lang='lat' dir='ltr'><strong>coauties</strong></span> <span class='ocrx_word' id='word_1_268' title='bbox 644 3582 719 3645; x_wconf 89' lang='lat' dir='ltr'><strong>Ma.</strong></span> <span class='ocrx_word' id='word_1_269' title='bbox 751 3581 993 3646; x_wconf 82' lang='lat' dir='ltr'><strong>Cataianies</strong></span> <span class='ocrx_word' id='word_1_270' title='bbox 1020 3584 1153 3648; x_wconf 85' lang='lat' dir='ltr'><strong>medix</strong></span> <span class='ocrx_word' id='word_1_271' title='bbox 1179 3589 1279 3649; x_wconf 86' lang='lat' dir='ltr'><strong>sisti</strong></span> <span class='ocrx_word' id='word_1_272' title='bbox 1304 3590 1449 3648; x_wconf 82' lang='lat' dir='ltr'><strong>atiena.</strong></span> <span class='ocrx_word' id='word_1_273' title='bbox 1495 3585 1616 3647; x_wconf 87' lang='lat' dir='ltr'><strong>Nescio</strong></span> <span class='ocrx_word' id='word_1_274' title='bbox 1645 3582 1795 3666; x_wconf 80' lang='lat' dir='ltr'><strong>quidem,</strong></span> <span class='ocrx_word' id='word_1_275' title='bbox 1828 3602 1870 3645; x_wconf 86' lang='lat' dir='ltr'><strong>on</strong></span> <span class='ocrx_word' id='word_1_276' title='bbox 1891 3580 2000 3644; x_wconf 83' lang='lat' dir='ltr'><strong>Diva</strong></span> 
     </span>
     <span class='ocr_line' id='line_1_27' title="bbox 276 3684 2000 3788; baseline -0.001 -26"><span class='ocrx_word' id='word_1_277' title='bbox 276 3684 461 3765; x_wconf 89' lang='lat' dir='ltr'><strong>Decluna</strong></span> <span class='ocrx_word' id='word_1_278' title='bbox 482 3701 648 3783; x_wconf 84' lang='lat' dir='ltr'><strong>Dictynna</strong></span> <span class='ocrx_word' id='word_1_279' title='bbox 669 3701 777 3762; x_wconf 87' lang='lat' dir='ltr'><strong>Diana</strong></span> <span class='ocrx_word' id='word_1_280' title='bbox 796 3704 856 3778; x_wconf 86' lang='lat' dir='ltr'><strong>sit,</strong></span> <span class='ocrx_word' id='word_1_281' title='bbox 879 3721 977 3784; x_wconf 81' lang='lat' dir='ltr'><strong>quam</strong></span> <span class='ocrx_word' id='word_1_282' title='bbox 999 3722 1066 3766; x_wconf 88' lang='lat' dir='ltr'><strong>csse</strong></span> <span class='ocrx_word' id='word_1_283' title='bbox 1088 3704 1201 3765; x_wconf 86' lang='lat' dir='ltr'><strong>lunam</strong></span> <span class='ocrx_word' id='word_1_284' title='bbox 1221 3704 1395 3788; x_wconf 86' lang='lat' dir='ltr'><strong>putabant,</strong></span> <span class='ocrx_word' id='word_1_285' title='bbox 1417 3711 1499 3764; x_wconf 79' lang='lat' dir='ltr'><strong>teste</strong></span> <span class='ocrx_word' id='word_1_286' title='bbox 1521 3700 1623 3763; x_wconf 91' lang='lat' dir='ltr'><strong>Paulo</strong></span> <span class='ocrx_word' id='word_1_287' title='bbox 1644 3700 1812 3778; x_wconf 81' lang='lat' dir='ltr'><strong>Diacon03</strong></span> <span class='ocrx_word' id='word_1_288' title='bbox 1845 3696 1902 3761; x_wconf 87' lang='lat' dir='ltr'><strong>sed</strong></span> <span class='ocrx_word' id='word_1_289' title='bbox 1923 3708 2000 3761; x_wconf 88' lang='lat' dir='ltr'><strong>sta·</strong></span> 
     </span>
     <span class='ocr_line' id='line_1_28' title="bbox 277 3816 1997 3905; baseline -0.001 -24"><span class='ocrx_word' id='word_1_290' title='bbox 277 3828 359 3881; x_wconf 93' lang='lat' dir='ltr'><strong>tom</strong></span> <span class='ocrx_word' id='word_1_291' title='bbox 379 3823 449 3882; x_wconf 87' lang='lat' dir='ltr'><strong>sine</strong></span> <span class='ocrx_word' id='word_1_292' title='bbox 470 3817 570 3881; x_wconf 91' lang='lat' dir='ltr'><strong>dubio</strong></span> <span class='ocrx_word' id='word_1_293' title='bbox 592 3816 680 3880; x_wconf 89' lang='lat' dir='ltr'><strong>idem</strong></span> <span class='ocrx_word' id='word_1_294' title='bbox 702 3829 768 3898; x_wconf 89' lang='lat' dir='ltr'><strong>est,</strong></span> <span class='ocrx_word' id='word_1_295' title='bbox 796 3817 884 3903; x_wconf 86' lang='lat' dir='ltr'><strong>quod</strong></span> <span class='ocrx_word' id='word_1_296' title='bbox 905 3839 1084 3898; x_wconf 88' lang='lat' dir='ltr'><strong>sacrum,</strong></span> <span class='ocrx_word' id='word_1_297' title='bbox 1119 3831 1216 3904; x_wconf 83' lang='lat' dir='ltr'><strong>atque</strong></span> <span class='ocrx_word' id='word_1_298' title='bbox 1239 3832 1386 3884; x_wconf 86' lang='lat' dir='ltr'><strong>extrema</strong></span> <span class='ocrx_word' id='word_1_299' title='bbox 1406 3821 1507 3882; x_wconf 84' lang='lat' dir='ltr'><strong>verbe</strong></span> <span class='ocrx_word' id='word_1_300' title='bbox 1529 3823 1578 3882; x_wconf 85' lang='lat' dir='ltr'><strong>sic</strong></span> <span class='ocrx_word' id='word_1_301' title='bbox 1599 3823 1687 3883; x_wconf 87' lang='lat' dir='ltr'><strong>verti</strong></span> <span class='ocrx_word' id='word_1_302' title='bbox 1707 3839 1803 3905; x_wconf 88' lang='lat' dir='ltr'><strong>posse</strong></span> <span class='ocrx_word' id='word_1_303' title='bbox 1824 3816 1997 3881; x_wconf 86' lang='lat' dir='ltr'><strong>videntur:</strong></span> 
     </span>
     <span class='ocr_line' id='line_1_29' title="bbox 276 3934 1998 4023; baseline -0.001 -26"><span class='ocrx_word' id='word_1_304' title='bbox 276 3954 325 3997; x_wconf 83' lang='lat' dir='ltr'><strong>ex</strong></span> <span class='ocrx_word' id='word_1_305' title='bbox 354 3955 395 3996; x_wconf 91' lang='lat' dir='ltr'><strong>se</strong></span> <span class='ocrx_word' id='word_1_306' title='bbox 427 3941 685 4021; x_wconf 84' lang='lat' dir='ltr'><strong>consumptis</strong></span> <span class='ocrx_word' id='word_1_307' title='bbox 717 3941 788 3999; x_wconf 85' lang='lat' dir='ltr'><strong>sire</strong></span> <span class='ocrx_word' id='word_1_308' title='bbox 819 3957 890 3999; x_wconf 87' lang='lat' dir='ltr'><strong>suo</strong></span> <span class='ocrx_word' id='word_1_309' title='bbox 921 3949 1085 4023; x_wconf 87' lang='lat' dir='ltr'><strong>sumptu</strong></span> <span class='ocrx_word' id='word_1_310' title='bbox 1113 3939 1389 4018; x_wconf 65' lang='lat' dir='ltr'><strong>Mamercus)</strong></span> <span class='ocrx_word' id='word_1_311' title='bbox 1422 3936 1665 4001; x_wconf 78' lang='lat' dir='ltr'><strong>Catuianies</strong></span> <span class='ocrx_word' id='word_1_312' title='bbox 1697 3934 1862 3999; x_wconf 85' lang='lat' dir='ltr'><strong>meddix</strong></span> <span class='ocrx_word' id='word_1_313' title='bbox 1899 3936 1998 3997; x_wconf 86' lang='lat' dir='ltr'><strong>sisti</strong></span> 
     </span>
    </p>
   </div>
   <div class='ocr_carea' id='block_1_8' title="bbox 176 4050 1995 4140">
    <p class='ocr_par' dir='ltr' id='par_1_9' title="bbox 176 4050 1995 4140">
     <span class='ocr_line' id='line_1_30' title="bbox 176 4050 1995 4140; baseline -0.001 -26"><span class='ocrx_word' id='word_1_314' title='bbox 176 4120 179 4127; x_wconf 53' lang='grc'>,</span> <span class='ocrx_word' id='word_1_315' title='bbox 275 4055 455 4114; x_wconf 88' lang='lat' dir='ltr'><strong>curavit.</strong></span> <span class='ocrx_word' id='word_1_316' title='bbox 498 4054 586 4115; x_wconf 86' lang='lat' dir='ltr'><strong>Nam</strong></span> <span class='ocrx_word' id='word_1_317' title='bbox 599 4057 773 4139; x_wconf 87' lang='lat' dir='ltr'><strong>inscriptio</strong></span> <span class='ocrx_word' id='word_1_318' title='bbox 787 4075 918 4139; x_wconf 87' lang='lat' dir='ltr'><strong>quoque</strong></span> <span class='ocrx_word' id='word_1_319' title='bbox 927 4055 1043 4118; x_wconf 86' lang='lat' dir='ltr'><strong>Asaisii</strong></span> <span class='ocrx_word' id='word_1_320' title='bbox 1056 4067 1205 4140; x_wconf 84' lang='lat' dir='ltr'><strong>reperta:</strong></span> <span class='ocrx_word' id='word_1_321' title='bbox 1229 4056 1348 4119; x_wconf 83' lang='lat' dir='ltr'><strong>POST.</strong></span> <span class='ocrx_word' id='word_1_322' title='bbox 1363 4054 1595 4119; x_wconf 86' lang='lat' dir='ltr'><strong>MIMESIVS.</strong></span> <span class='ocrx_word' id='word_1_323' title='bbox 1612 4054 1648 4117; x_wconf 88' lang='lat' dir='ltr'><strong>C.</strong></span> <span class='ocrx_word' id='word_1_324' title='bbox 1661 4057 1694 4117; x_wconf 86' lang='lat' dir='ltr'><strong>F.</strong></span> <span class='ocrx_word' id='word_1_325' title='bbox 1708 4055 1747 4118; x_wconf 90' lang='lat' dir='ltr'><strong>T.</strong></span> <span class='ocrx_word' id='word_1_326' title='bbox 1761 4050 1995 4117; x_wconf 73' lang='lat' dir='ltr'><strong>Mlttustvs.</strong></span> 
     </span>
    </p>
   </div>
   <div class='ocr_carea' id='block_1_9' title="bbox 227 4150 2104 4373">
    <p class='ocr_par' dir='ltr' id='par_1_10' title="bbox 227 4150 2104 4373">
     <span class='ocr_line' id='line_1_31' title="bbox 227 4150 1994 4255; baseline -0.001 -22"><span class='ocrx_word' id='word_1_327' title='bbox 227 4150 230 4155; x_wconf 83' lang='grc'>’</span> <span class='ocrx_word' id='word_1_328' title='bbox 274 4167 396 4233; x_wconf 80' lang='lat' dir='ltr'><strong>suar.</strong></span> <span class='ocrx_word' id='word_1_329' title='bbox 421 4172 572 4247; x_wconf 63' lang='lat' dir='ltr'><strong>(fortasse</strong></span> <span class='ocrx_word' id='word_1_330' title='bbox 593 4170 733 4248; x_wconf 75' lang='lat' dir='ltr'><strong>sexu.)</strong></span> <span class='ocrx_word' id='word_1_331' title='bbox 765 4174 794 4233; x_wconf 81' lang='lat' dir='ltr'><strong>a.</strong></span> <span class='ocrx_word' id='word_1_332' title='bbox 824 4170 834 4254; x_wconf 94' lang='grc' dir='ltr'><strong>ιι</strong></span> <span class='ocrx_word' id='word_1_333' title='bbox 859 4173 957 4238; x_wconf 81' lang='lat' dir='ltr'><strong>Nus.</strong></span> <span class='ocrx_word' id='word_1_334' title='bbox 989 4173 1170 4237; x_wconf 77' lang='lat' dir='ltr'><strong>sternas</strong></span> <span class='ocrx_word' id='word_1_335' title='bbox 1203 4173 1239 4238; x_wconf 83' lang='lat' dir='ltr'><strong>c.</strong></span> <span class='ocrx_word' id='word_1_336' title='bbox 1271 4175 1305 4237; x_wconf 80' lang='lat' dir='ltr'><strong>s.</strong></span> <span class='ocrx_word' id='word_1_337' title='bbox 1334 4174 1429 4236; x_wconf 82' lang='lat' dir='ltr'><strong>avr.</strong></span> <span class='ocrx_word' id='word_1_338' title='bbox 1456 4171 1467 4255; x_wconf 94' lang='grc' dir='ltr'><strong>ιι</strong></span> <span class='ocrx_word' id='word_1_339' title='bbox 1492 4173 1589 4236; x_wconf 80' lang='lat' dir='ltr'><strong>uus.</strong></span> <span class='ocrx_word' id='word_1_340' title='bbox 1621 4170 1813 4234; x_wconf 78' lang='lat' dir='ltr'><strong>usumve.</strong></span> <span class='ocrx_word' id='word_1_341' title='bbox 1838 4170 1877 4236; x_wconf 82' lang='lat' dir='ltr'><strong>T.</strong></span> <span class='ocrx_word' id='word_1_342' title='bbox 1901 4171 1934 4232; x_wconf 79' lang='lat' dir='ltr'><strong>a.</strong></span> <span class='ocrx_word' id='word_1_343' title='bbox 1959 4167 1994 4235; x_wconf 91' lang='lat' dir='ltr'><strong>c.</strong></span> 
     </span>
     <span class='ocr_line' id='line_1_32' title="bbox 277 4285 2104 4373; baseline 0 -21"><span class='ocrx_word' id='word_1_344' title='bbox 277 4285 468 4352; x_wconf 82' lang='lat' dir='ltr'><strong>csmoas.</strong></span> <span class='ocrx_word' id='word_1_345' title='bbox 491 4286 531 4347; x_wconf 81' lang='lat' dir='ltr'><strong>T.</strong></span> <span class='ocrx_word' id='word_1_346' title='bbox 555 4288 588 4349; x_wconf 83' lang='lat' dir='ltr'><strong>s.</strong></span> <span class='ocrx_word' id='word_1_347' title='bbox 612 4285 648 4351; x_wconf 83' lang='lat' dir='ltr'><strong>o.</strong></span> <span class='ocrx_word' id='word_1_348' title='bbox 669 4287 712 4349; x_wconf 84' lang='lat' dir='ltr'><strong>N.</strong></span> <span class='ocrx_word' id='word_1_349' title='bbox 734 4288 778 4349; x_wconf 92' lang='lat' dir='ltr'><strong>v.</strong></span> <span class='ocrx_word' id='word_1_350' title='bbox 804 4286 815 4371; x_wconf 95' lang='grc' dir='ltr'><strong>ιι</strong></span> <span class='ocrx_word' id='word_1_351' title='bbox 839 4289 1102 4353; x_wconf 78' lang='lat' dir='ltr'><strong>vonsuuvs.</strong></span> <span class='ocrx_word' id='word_1_352' title='bbox 1126 4292 1167 4353; x_wconf 84' lang='lat' dir='ltr'><strong>T.</strong></span> <span class='ocrx_word' id='word_1_353' title='bbox 1190 4292 1221 4356; x_wconf 82' lang='lat' dir='ltr'><strong>r.</strong></span> <span class='ocrx_word' id='word_1_354' title='bbox 1245 4289 1454 4357; x_wconf 81' lang='lat' dir='ltr'><strong>Masouss</strong></span> <span class='ocrx_word' id='word_1_355' title='bbox 1478 4288 1489 4373; x_wconf 95' lang='grc' dir='ltr'><strong>ιι</strong></span> <span class='ocrx_word' id='word_1_356' title='bbox 1512 4285 1996 4355; x_wconf 76' lang='lat' dir='ltr'><strong>Mvuvnt.ss.sottu1cu</strong></span> <span class='ocrx_word' id='word_1_357' title='bbox 2101 4310 2104 4317; x_wconf 92' lang='lat'>·</span> 
     </span>
    </p>
   </div>
   <div class='ocr_carea' id='block_1_10' title="bbox 279 4448 588 4463">
    <p class='ocr_par' dir='ltr' id='par_1_11' title="bbox 279 4448 588 4463">
     <span class='ocr_line' id='line_1_33' title="bbox 279 4448 588 4463; baseline -0.016 0"><span class='ocrx_word' id='word_1_358' title='bbox 279 4448 588 4463; x_wconf 55' lang='lat' dir='ltr'><strong>§.n-nn—-un—fi—-O-n--a</strong></span> 
     </span>
    </p>
   </div>
   <div class='ocr_carea' id='block_1_11' title="bbox 277 4542 1993 4979">
    <p class='ocr_par' dir='ltr' id='par_1_12' title="bbox 277 4542 1993 4979">
     <span class='ocr_line' id='line_1_34' title="bbox 439 4542 1993 4615; baseline -0.001 -18"><span class='ocrx_word' id='word_1_359' title='bbox 439 4542 473 4610; x_wconf 83' lang='grc'><strong>*)</strong></span> <span class='ocrx_word' id='word_1_360' title='bbox 508 4545 552 4598; x_wconf 78' lang='lat' dir='ltr'><strong>Aa</strong></span> <span class='ocrx_word' id='word_1_361' title='bbox 576 4544 651 4598; x_wconf 86' lang='lat' dir='ltr'><strong>hanc</strong></span> <span class='ocrx_word' id='word_1_362' title='bbox 669 4543 830 4597; x_wconf 84' lang='lat' dir='ltr'><strong>versionem</strong></span> <span class='ocrx_word' id='word_1_363' title='bbox 855 4543 1026 4614; x_wconf 83' lang='lat' dir='ltr'><strong>probandam</strong></span> <span class='ocrx_word' id='word_1_364' title='bbox 1044 4546 1216 4599; x_wconf 75' lang='lat' dir='ltr'><strong>liertianum</strong></span> <span class='ocrx_word' id='word_1_365' title='bbox 1235 4543 1380 4615; x_wconf 87' lang='lat' dir='ltr'><strong>Capellam</strong></span> <span class='ocrx_word' id='word_1_366' title='bbox 1401 4543 1517 4597; x_wconf 86' lang='lat' dir='ltr'><strong>laudare</strong></span> <span class='ocrx_word' id='word_1_367' title='bbox 1541 4543 1642 4607; x_wconf 86' lang='lat' dir='ltr'><strong>liceat,</strong></span> <span class='ocrx_word' id='word_1_368' title='bbox 1670 4544 1721 4614; x_wconf 89' lang='lat' dir='ltr'><strong>qui</strong></span> <span class='ocrx_word' id='word_1_369' title='bbox 1738 4544 1788 4597; x_wconf 91' lang='lat' dir='ltr'><strong>lib.</strong></span> <span class='ocrx_word' id='word_1_370' title='bbox 1808 4543 1871 4609; x_wconf 81' lang='lat' dir='ltr'><strong>vlt,</strong></span> <span class='ocrx_word' id='word_1_371' title='bbox 1888 4543 1910 4610; x_wconf 72' lang='grc'><strong>5.</strong></span> <span class='ocrx_word' id='word_1_372' title='bbox 1932 4542 1993 4598; x_wconf 76' lang='lat'><strong>⁷³³.</strong></span> 
     </span>
     <span class='ocr_line' id='line_1_35' title="bbox 277 4630 1993 4708; baseline -0.003 -20"><span class='ocrx_word' id='word_1_373' title='bbox 277 4637 403 4708; x_wconf 84' lang='lat' dir='ltr'><strong>scripsit:</strong></span> <span class='ocrx_word' id='word_1_374' title='bbox 434 4633 561 4688; x_wconf 75' lang='lat' dir='ltr'><strong>u&#39;l’riadia</strong></span> <span class='ocrx_word' id='word_1_375' title='bbox 578 4633 704 4704; x_wconf 78' lang='lat' dir='ltr'><strong>auspicio</strong></span> <span class='ocrx_word' id='word_1_376' title='bbox 722 4647 821 4703; x_wconf 86' lang='lat' dir='ltr'><strong>preces</strong></span> <span class='ocrx_word' id='word_1_377' title='bbox 839 4633 955 4685; x_wconf 88' lang='lat' dir='ltr'><strong>tertio</strong></span> <span class='ocrx_word' id='word_1_378' title='bbox 973 4652 1005 4691; x_wconf 84' lang='lat' dir='ltr'><strong>ac</strong></span> <span class='ocrx_word' id='word_1_379' title='bbox 1024 4634 1198 4689; x_wconf 86' lang='lat' dir='ltr'><strong>libamina</strong></span> <span class='ocrx_word' id='word_1_380' title='bbox 1215 4641 1414 4705; x_wconf 60' lang='lat' dir='ltr'><strong>repatriamus</strong></span> <span class='ocrx_word' id='word_1_381' title='bbox 1444 4641 1473 4687; x_wconf 90' lang='lat' dir='ltr'><strong>et</strong></span> <span class='ocrx_word' id='word_1_382' title='bbox 1501 4632 1551 4689; x_wconf 91' lang='lat' dir='ltr'><strong>lib.</strong></span> <span class='ocrx_word' id='word_1_383' title='bbox 1572 4632 1594 4690; x_wconf 93' lang='lat'><strong>1.</strong></span> <span class='ocrx_word' id='word_1_384' title='bbox 1622 4630 1643 4698; x_wconf 78' lang='lat'><strong>§-</strong></span> <span class='ocrx_word' id='word_1_385' title='bbox 1668 4637 1693 4688; x_wconf 87' lang='grc'><strong>9.</strong></span> <span class='ocrx_word' id='word_1_386' title='bbox 1723 4633 1878 4687; x_wconf 76' lang='lat' dir='ltr'><strong>udenudata</strong></span> <span class='ocrx_word' id='word_1_387' title='bbox 1903 4647 1993 4703; x_wconf 90' lang='lat' dir='ltr'><strong>pecu·</strong></span> 
     </span>
     <span class='ocr_line' id='line_1_36' title="bbox 277 4719 1991 4798; baseline -0.005 -19"><span class='ocrx_word' id='word_1_388' title='bbox 277 4727 345 4779; x_wconf 87' lang='lat' dir='ltr'><strong>dum</strong></span> <span class='ocrx_word' id='word_1_389' title='bbox 363 4725 446 4780; x_wconf 87' lang='lat' dir='ltr'><strong>caede</strong></span> <span class='ocrx_word' id='word_1_390' title='bbox 463 4724 622 4777; x_wconf 83' lang='lat' dir='ltr'><strong>fissiculatis</strong></span> <span class='ocrx_word' id='word_1_391' title='bbox 642 4731 809 4776; x_wconf 82' lang='lat' dir='ltr'><strong>extorum</strong></span> <span class='ocrx_word' id='word_1_392' title='bbox 827 4721 1004 4790; x_wconf 87' lang='lat' dir='ltr'><strong>prosiciis</strong></span> <span class='ocrx_word' id='word_1_393' title='bbox 1022 4724 1132 4777; x_wconf 80' lang='lat' dir='ltr'><strong>viscera</strong></span> <span class='ocrx_word' id='word_1_394' title='bbox 1150 4723 1366 4798; x_wconf 75' lang='lat' dir='ltr'><strong>loquebantur,u</strong></span> <span class='ocrx_word' id='word_1_395' title='bbox 1387 4722 1488 4792; x_wconf 84' lang='lat' dir='ltr'><strong>quibua</strong></span> <span class='ocrx_word' id='word_1_396' title='bbox 1506 4722 1576 4775; x_wconf 85' lang='lat' dir='ltr'><strong>locis</strong></span> <span class='ocrx_word' id='word_1_397' title='bbox 1595 4722 1659 4776; x_wconf 88' lang='lat' dir='ltr'><strong>addi</strong></span> <span class='ocrx_word' id='word_1_398' title='bbox 1677 4730 1794 4793; x_wconf 89' lang='lat' dir='ltr'><strong>possunt</strong></span> <span class='ocrx_word' id='word_1_399' title='bbox 1813 4720 1893 4775; x_wconf 80' lang='lat' dir='ltr'><strong>ovid.</strong></span> <span class='ocrx_word' id='word_1_400' title='bbox 1916 4719 1991 4777; x_wconf 80' lang='lat' dir='ltr'><strong>Fast.</strong></span> 
     </span>
     <span class='ocr_line' id='line_1_37' title="bbox 277 4800 1992 4885; baseline -0.005 -15"><span class='ocrx_word' id='word_1_401' title='bbox 277 4815 325 4881; x_wconf 80' lang='lat' dir='ltr'><strong>vl,</strong></span> <span class='ocrx_word' id='word_1_402' title='bbox 346 4819 405 4872; x_wconf 77' lang='grc'><strong>163.</strong></span> <span class='ocrx_word' id='word_1_403' title='bbox 432 4814 496 4869; x_wconf 66' lang='lat' dir='ltr'><strong>usic</strong></span> <span class='ocrx_word' id='word_1_404' title='bbox 513 4813 563 4865; x_wconf 82' lang='lat' dir='ltr'><strong>ubi</strong></span> <span class='ocrx_word' id='word_1_405' title='bbox 580 4810 729 4875; x_wconf 76' lang='lat' dir='ltr'><strong>libavit,</strong></span> <span class='ocrx_word' id='word_1_406' title='bbox 755 4817 926 4880; x_wconf 82' lang='lat' dir='ltr'><strong>prosecta</strong></span> <span class='ocrx_word' id='word_1_407' title='bbox 952 4810 1001 4863; x_wconf 84' lang='lat' dir='ltr'><strong>sub</strong></span> <span class='ocrx_word' id='word_1_408' title='bbox 1020 4814 1134 4868; x_wconf 81' lang='lat' dir='ltr'><strong>aethere</strong></span> <span class='ocrx_word' id='word_1_409' title='bbox 1153 4811 1273 4883; x_wconf 76' lang='lat' dir='ltr'><strong>ponit,u</strong></span> <span class='ocrx_word' id='word_1_410' title='bbox 1302 4821 1330 4865; x_wconf 91' lang='lat' dir='ltr'><strong>et</strong></span> <span class='ocrx_word' id='word_1_411' title='bbox 1348 4800 1442 4866; x_wconf 80' lang='lat' dir='ltr'><strong>Macer</strong></span> <span class='ocrx_word' id='word_1_412' title='bbox 1465 4811 1496 4865; x_wconf 89' lang='lat' dir='ltr'><strong>in</strong></span> <span class='ocrx_word' id='word_1_413' title='bbox 1514 4813 1710 4883; x_wconf 68' lang='lat' dir='ltr'><strong>dpatioyorlu:</strong></span> <span class='ocrx_word' id='word_1_414' title='bbox 1736 4811 1872 4885; x_wconf 77' lang='lat' dir='ltr'><strong>nVulgari</strong></span> <span class='ocrx_word' id='word_1_415' title='bbox 1896 4817 1992 4863; x_wconf 83' lang='lat' dir='ltr'><strong>tosta</strong></span> 
     </span>
     <span class='ocr_line' id='line_1_38' title="bbox 277 4899 938 4979; baseline -0.012 -23"><span class='ocrx_word' id='word_1_416' title='bbox 277 4921 410 4974; x_wconf 81' lang='lat' dir='ltr'><strong>vapore</strong></span> <span class='ocrx_word' id='word_1_417' title='bbox 430 4923 495 4958; x_wconf 90' lang='lat' dir='ltr'><strong>cum</strong></span> <span class='ocrx_word' id='word_1_418' title='bbox 512 4904 602 4979; x_wconf 80' lang='lat' dir='ltr'><strong>virgis</strong></span> <span class='ocrx_word' id='word_1_419' title='bbox 620 4907 789 4973; x_wconf 85' lang='lat' dir='ltr'><strong>prosecta</strong></span> <span class='ocrx_word' id='word_1_420' title='bbox 813 4899 938 4952; x_wconf 65' lang='lat' dir='ltr'><strong>seranta</strong></span> 
     </span>
    </p>
   </div>
   <div class='ocr_carea' id='block_1_12' title="bbox 0 0 2186 5754">
    <p class='ocr_par' dir='ltr' id='par_1_13' title="bbox 0 0 2186 5754">
     <span class='ocr_line' id='line_1_39' title="bbox 0 0 2186 5754; baseline 0 6"><span class='ocrx_word' id='word_1_421' title='bbox 0 0 2186 5754; x_wconf 95' lang='lat' dir='ltr'><strong> </strong></span> 
     </span>
    </p>
   </div>
  </div>
 </body>
</html>
