4364 5754
778 1314 1239 1407 Porticulc
1316 1316 1419 1406 ΙΙΙ.

236 1541 733 1682 Inscripticnes
774 1545 1121 1653 Umbricas
1163 1545 1534 1654 summatim
1585 1547 1954 1685 explicam.

970 1828 1218 1841 --.--.-.

396 2056 424 2117 1.
478 2019 649 2139 Iguvinas
670 2052 745 2114 illas
766 2053 911 2132 tabulas,
945 2074 1024 2137 quas
1050 2056 1086 2117 in
1114 2058 1288 2141 superiore
1316 2055 1415 2136 hujus
1437 2057 1547 2140 operis
1567 2055 1730 2142 particula
1751 2055 1954 2140 comparari-

232 2188 321 2250 mns,
342 2169 384 2233 ad
404 2167 577 2253 περσκλεμ
597 2174 667 2233 sive
688 2172 918 2235 lustrationem
939 2184 1102 2258 spectare,
1125 2175 1242 2257 primis
1263 2194 1377 2237 earnm
1396 2174 1508 2236 verbis
1529 2171 1663 2236 dicitnr.
1707 2173 1875 2258 Imprimis
1896 2192 1955 2235 an·

231 2300 298 2354 tem
319 2291 570 2375 praecipiuntur
591 2291 769 2368 sacrificia,
806 2310 948 2373 quorum
977 2291 1043 2353 alia
1070 2292 1220 2375 reliquae
1240 2293 1372 2356 tabulae
1393 2285 1564 2355 continent
1582 2279 1716 2377 praeter
1735 2295 1886 2372 tertiam,
1917 2293 1953 2352 in

160 2484 168 2489 .
231 2410 325 2488 cnjus
345 2418 538 2495 argumenta
559 2407 690 2471 diversa
710 2429 798 2470 nunc
818 2413 965 2493 primum
991 2411 1162 2492 inquirere
1189 2411 1297 2474 liceat
1340 2409 1379 2472 In
1400 2413 1533 2474 tertia
1553 2411 1666 2473 tabula
1686 2431 1752 2473 non
1773 2411 1881 2474 literis
1901 2427 1953 2471 so·

229 2525 319 2606 lum,
342 2545 424 2610 quae
444 2529 567 2610 partim
588 2525 781 2604 Umbricae,
812 2529 935 2610 partim
955 2528 1094 2589 Latinae
1115 2538 1206 2606 sunt,
1237 2526 1321 2591 duae
1342 2527 1592 2616 distinguuntur
1612 2529 1863 2612 inscriptiones,
1895 2524 1952 2589 sed

228 2655 368 2727 utraque
401 2646 501 2718 etiam
531 2644 585 2708 vel
615 2644 739 2707 lineola
768 2643 909 2726 quadam
930 2647 1018 2706 inter
1039 2663 1171 2705 versum
1193 2649 1232 2710 13
1254 2655 1288 2708 et
1310 2649 1349 2711 14
1368 2647 1496 2730 primae
1521 2647 1659 2732 paginae
1680 2645 1876 2728 interposita
1896 2642 1952 2705 vel

228 2765 380 2846 repetitis
412 2761 530 2824 iisdem
561 2764 632 2823 iere
654 2761 766 2824 verbis
797 2763 832 2821 in
853 2759 934 2821 duas
954 2770 1065 2844 partes
1086 2759 1259 2823 dividitur.
1304 2761 1342 2823 In
1364 2761 1517 2823 omnibus
1537 2761 1589 2822 his
1609 2762 1778 2846 partibus,
1809 2763 1896 2822 sient
1915 2761 1951 2820 in

227 2881 366 2963 reliquis
388 2889 520 2963 praeter
541 2889 691 2959 quartam
711 2887 901 2958 sextamque
922 2876 1060 2956 tabulis,
1095 2880 1220 2941 mentio
1241 2879 1279 2942 iit
1298 2878 1462 2942 Fratris
1483 2878 1667 2943 Atiersii
1686 2880 1743 2941 vel
1763 2872 1950 2941 Fratrum

227 2996 531 3073 Atiersiorum,
563 2996 681 3078 quibus
710 3015 836 3057 summa
861 2994 1025 3058 tribuitur
1045 2999 1235 3060 auctoritas.
1279 2997 1328 3059 Hi
1348 2996 1496 3076 Fratres,
1533 3016 1677 3081 qnorum
1697 2997 1859 3059 maximus
1879 2996 1950 3058 sive

181 3126 186 3131 “
227 3116 384 3201 magister
405 3104 475 3176 κατ’
498 3106 612 3198 ἐξοχὴν
631 3113 746 3174 Frater
766 3112 928 3175 Atiersius
950 3113 1086 3195 dieitur,
1107 3117 1195 3179 sient
1214 3115 1344 3179 Fratres
1364 3113 1502 3178 Arvales
1517 3116 1754 3196 Romanorum,
1775 3111 1949 3176 duodecim

226 3229 453 3314 (desendet
470 3230 548 3310 vll,
570 3231 604 3308 b,
625 3232 672 3308 2.)
693 3229 901 3295 sacerdotum
922 3235 1057 3295 fuerunt
1078 3233 1275 3321 collegium,
1297 3222 1469 3315 qnod'lll‚
1491 3253 1520 3313 a,
1542 3237 1583 3301 23
1605 3244 1638 3298 et
1657 3234 1720 3313 111,
1743 3232 1776 3313 b,
1799 3238 1827 3297 1.
1851 3251 1949 3318 φεια

226 3349 451 3440 possisne,
474 3352 567 3434 quasi
588 3343 656 3435 φυὴ
678 3352 747 3412 sive
768 3346 857 3436 φυλὴ
879 3342 1062 3439 φρατρική,
1084 3350 1210 3414 dictum
1231 3350 1406 3433 Quaestori
1427 3354 1616 3436 opponitur.
1661 3351 1846 3435 Panupei
1866 3351 1948 3411 ira·

223 3479 360 3548 trexs,
383 3488 466 3551 quae
488 3467 568 3547 Vll,
591 3468 623 3547 b,
646 3473 674 3532 1.
698 3469 840 3556 legitur,
863 3470 957 3551 quasi
977 3463 1157 3553 παμφυλία
1177 3461 1360 3558 φρατρικὴ,
1393 3471 1546 3533 Pramum
1572 3462 1755 3557 πανήγυριν
1778 3472 1849 3532 sive
1870 3486 1948 3530 con·

223 3574 358 3651 ventum
389 3585 560 3674 designare
589 3584 741 3666 ridetur,
775 3607 858 3670 quae
887 3586 949 3665 111,
972 3608 1001 3666 a,
1023 3592 1053 3653 3.
1089 3598 1258 3652 contracto
1280 3590 1412 3651 nomine
1433 3608 1581 3670 noune
1603 3588 1744 3666 dicitnr,
1780 3589 1845 3648 nisi
1865 3584 1898 3647 h.
1922 3586 1944 3646 1.

221 3724 399 3791 pompam
420 3705 611 3793 intelligere
632 3706 739 3783 malis,
762 3708 840 3786 quia
860 3707 1052 3790 panupei
1074 3709 1262 3768 iratrexs
1282 3705 1362 3785 VII,
1384 3706 1417 3785 b,
1439 3712 1469 3771 1.
1493 3708 1694 3791 simpliciter
1712 3707 1751 3768 iit
1770 3703 1946 3767 Fratrns

221 3824 432 3887 Atiersier
452 3824 523 3886 sive
552 3823 722 3886 Fratribus
754 3822 922 3902 Atiersiis,
954 3843 1100 3905 πυμπε
1131 3843 1213 3886 vero
1240 3823 1301 3904 111,
1324 3844 1355 3905 a,
1387 3827 1417 3890 4.
1451 3826 1678 3890 sschoscs
1698 3818 1944 3911 Ατιιεριερ,

222 3962 306 4033 quae
325 3942 428 4005 verba
448 3959 515 4001 non
537 3938 672 4003 differre
692 3938 851 4003 videntur
870 3941 910 4003 ab
932 3938 1170 4030 αρπετρατι
1196 3937 1365 4031 Φρατρε
1386 3939 1578 4030 Astaspes
1595 3941 1657 4021 111,
1674 3961 1705 4021 a,
1728 3944 1778 4006 12
1801 3943 1872 4004 sive
1892 3959 1946 4004 ar·

222 4059 348 4122 bitratn
379 4059 532 4121 Fratrum
563 4057 795 4123 Atiersiorum.
849 4059 960 4122 Potest
985 4062 1073 4122 enim
1097 4059 1137 4124 A
1144 4057 1330 4149 τιιεριεῤ
1360 4079 1423 4146 pro
1451 4062 1599 4148 genitivo
1626 4059 1805 4148 singularis
1826 4062 1944 4146 accipi,

220 4187 260 4239 nt
280 4175 513 4242 ssxFoceos
542 4174 784 4239 substantivum
805 4196 922 4264 regens
942 4180 1002 4257 sit,
1024 4180 1112 4241 sicut
1133 4176 1339 4241 Graecorum
1359 4170 1506 4257 εἰκασία,
1542 4178 1582 4240 ab
1604 4170 1723 4258 εἶκᾶζω
1745 4176 1944 4257 derivatum,

222 4295 316 4375 cujus
331 4296 541 4379 primitivum
561 4296 702 4358 verbum
724 4289 824 4361 ἐΐσκω
845 4294 931 4381 apud
944 4296 1142 4375 Homerum,
1164 4299 1252 4360 sicut
1271 4298 1409 4359 scisco
1432 4280 1520 4381 apud
1530 4297 1704 4378 Romanos,
1726 4300 1827 4360 etiam
1847 4316 1945 4382 pro·

220 4412 287 4493 bo,
320 4413 472 4493 justum
502 4422 536 4478 et
556 4433 727 4498 aequum
749 4433 899 4477 censeo
920 4416 1086 4503 significat
1111 4413 1151 4477 Il.
1174 4413 1269 4493 XIII,
1292 4418 1383 4481 sto:
1415 4413 1503 4479 unde
1523 4418 1619 4502 puri
1639 4418 1704 4478 iar
1731 4418 1944 4479 eiscnrent

220 4527 282 4608 III,
304 4531 337 4612 b,
360 4534 400 4596 10
421 4540 454 4594 et
475 4532 523 4596 15.
547 4533 657 4595 sieut
677 4535 818 4595 iacere
839 4534 1154 4618 comprobarint
1174 4532 1369 4597 vertendum
1390 4544 1449 4598 est.

385 4652 415 4714 2.
458 4650 588 4712 Fratres
609 4649 770 4714 Atiersios
790 4671 934 4714 summos
955 4654 990 4714 in
1011 4651 1109 4716 rebus
1129 4654 1230 4714 saeris
1252 4651 1395 4723 arbitros
1416 4653 1528 4734 fuisse,
1550 4672 1589 4716 es
1609 4662 1781 4732 testantur,
1803 4669 1887 4733 qnae
1907 4651 1943 4711 in

223 4768 323 4830 tertia
348 4768 461 4831 tabula
480 4767 647 4832 Umbrieis
675 4772 783 4834 literis
811 4773 993 4856 perscripta
1019 4781 1109 4835 sunt:
1140 4773 1175 4834 in
1196 4770 1265 4834 illis
1287 4773 1374 4834 enim
1394 4770 1476 4834 haec
1496 4772 1561 4834 sibi
1582 4768 1780 4856 respondent
1799 4769 1943 4857 singule·

222 4904 298 4947 rum
318 4889 462 4970 partium
482 4889 599 4951 initia:
