4364 5754
1000 560 1146 623 -so
1207 594 1261 637 -.

258 724 458 809 Plerumque
480 735 589 787 tamen
610 723 887 788 verbornmordo
911 721 991 786 adeo
1013 724 1078 787 sibi
1098 733 1250 787 constare
1266 724 1361 803 solet,
1383 735 1422 788 ut
1442 722 1631 788 mirandum
1650 726 1706 803 sit,
1728 742 1790 787 cur
1810 725 1849 786 iu
1868 732 1992 806 quarta

260 844 373 906 tabula
393 844 563 905 numerale
584 840 727 929 τρε(φ)
749 862 878 927 semper
896 852 974 905 ante
995 861 1126 918 nomen,
1147 844 1182 902 iu
1203 850 1294 904 sexta
1314 844 1516 927 septimaque
1537 852 1653 907 contra
1671 852 1746 927 post
1760 859 1882 905 nomeu
1904 860 1992 903 sem·

260 980 321 1044 per
339 963 486 1044 positum
506 962 561 1037 sit,
584 957 858 1042 quemadmodum
877 962 912 1020 in
932 968 1044 1021 sextae
1064 959 1195 1021 tabulae
1218 960 1316 1053 initio
1336 980 1466 1044 semper
1485 964 1577 1044 peteo
1597 969 1725 1039 sueretu,
1743 963 1840 1041 peicu
1859 968 1994 1039 mereto,

262 1076 318 1139 sed
347 1088 464 1141 mereto
495 1075 624 1156 aveto),
656 1076 819 1156 meretum
851 1074 997 1159 anglus)
1031 1080 1194 1161 scriptum
1224 1078 1360 1164 legitur.
1404 1077 1562 1142 Ceterum
1589 1080 1804 1163 repetitiones
1826 1074 1996 1161 quaedam

259 1197 456 1282 singulares,
486 1207 523 1258 ut
544 1197 632 1261 deitas
653 1199 780 1259 stoicus
801 1195 889 1259 deito
910 1192 1077 1271 vunai.
1101 1215 1162 1278 pro
1184 1196 1273 1260 deitu
1294 1199 1401 1261 etuias
1422 1197 1590 1275 v1‚a,65.
1612 1199 1682 1261 sive
1703 1205 1791 1262 etuto
1813 1193 1878 1273 VI,
1890 1215 1925 1274 a,
1937 1199 1991 1262 63.

263 1333 384 1377 atoue
405 1313 467 1393 IV,
479 1334 509 1392 a,
521 1318 586 1392 21,
619 1316 751 1377 nonnisi
769 1333 790 1375 e
810 1322 998 1397 permutato
1019 1313 1202 1377 uerborum
1223 1312 1342 1379 ordine
1361 1325 1459 1378 natae
1478 1313 1647 1393 videntur,
1681 1317 1738 1398 qni
1759 1314 1908 1377 maxime
1929 1314 1995 1375 mi-

260 1427 383 1494 randus
403 1443 452 1496 est
473 1434 508 1493 in
529 1432 593 1493 hoc
614 1432 705 1494 loco:
1347 1403 1350 1411 ¹

303 1548 366 1628 VI,
378 1571 408 1625 a,
421 1554 473 1616 16.
492 1559 657 1630 prosecuto
678 1570 750 1614 ems
770 1552 858 1615 dito:
881 1570 940 1613 eno
961 1550 1100 1614 ecolseto
1121 1552 1273 1615 vestisiar
1294 1571 1366 1614 erue
1389 1570 1527 1634 coaegos
1547 1553 1662 1616 dirstss.

382 1671 417 1729 in
439 1678 590 1752 prosectu
614 1670 851 1732 incantationes
873 1667 994 1732 dicito:
1017 1677 1088 1730 tum
1109 1670 1218 1733 molum
1238 1670 1407 1731 libaminis
1428 1672 1668 1732 incantationes
1689 1686 1849 1751 spargens
1870 1664 1994 1732 dicito.

263 1787 428 1867 Quoniam
449 1789 537 1847 enim
550 1786 626 1864 Vll,
638 1806 668 1865 a,
679 1789 730 1853 38.
744 1787 830 1848 nihil
851 1789 917 1850 nisi
938 1789 1090 1853 vestisior
1110 1808 1182 1852 ems
1203 1788 1275 1851 dito
1285 1788 1421 1874 legitur,
1442 1767 1692 1851 verbasculseto
1714 1805 1853 1869 cooegos
1875 1782 1996 1847 diver-

261 1905 306 1965 sis
328 1904 410 1966 locis
432 1907 556 1967 inserta
577 1915 810 1992 agnoscuntur.

426 2022 595 2084 Hactenus
623 2022 720 2085 haec:
751 2043 826 2084 nam
855 2043 956 2104 quum
984 2026 1020 2085 in
1047 2023 1211 2107 particula
1239 2020 1299 2085 IX.
1320 2022 1558 2086 Umbricorum
1578 2022 1820 2087 uocabulorum
1840 2017 1996 2082 indicem

262 2141 379 2201 sistere
400 2149 573 2219 tentarem,
596 2151 662 2202 tam
684 2141 799 2219 multa,
823 2143 921 2203 etiam
941 2144 977 2202 in
997 2140 1049 2201 his
1069 2142 1212 2229 plagulis
1232 2143 1366 2225 scripta,
1388 2143 1576 2205 accuratius
1597 2148 1770 2225 perspecta
1790 2140 1993 2215 retractavi,

261 2267 301 2319 ut
320 2274 444 2319 novum
465 2277 558 2342 opus,
581 2258 756 2322 mdimento
777 2258 909 2340 linguae
932 2258 1097 2323 Umbritae
1116 2263 1151 2323 iu
1171 2263 1395 2344 grammaticae
1415 2260 1546 2339 formum
1568 2260 1708 2338 reductu,
1730 2259 1850 2321 omissa
1872 2276 1994 2320 rerum

261 2377 471 2456 tractatione,
493 2376 654 2461 perficere
674 2379 776 2443 satius
796 2376 881 2440 mihi
902 2379 1010 2440 visum
1031 2379 1083 2441 sit.
1204 2404 1240 2493 j
