4364 5754
935 590 1142 655 ..25-

170 760 235 839 1v,
253 760 286 841 b,
303 763 354 826 26.
385 758 441 822 vel
467 755 626 846 περαια
654 753 783 844 gabba
810 753 872 835 IV,
891 774 921 834 a,
937 756 989 822 28.
1007 756 1059 821 32.
1077 758 1142 834 ll,
1172 773 1255 838 quae
1282 753 1416 839 quidam
1443 766 1624 840 praesepta,
1645 759 1761 842 quinta
1790 760 1903 824 tabula

170 879 217 959 V,
233 900 263 957 a,
282 882 334 945 32.
357 876 469 941 verbis
489 897 585 942 ostra
605 872 738 964 πυστρα
759 871 886 962 nabore
910 876 946 936 in
965 892 1070 936 unum
1092 875 1277 960 conjungit,
1303 873 1390 937 unda
1411 877 1511 937 etiam
1531 874 1594 955 VI,
1611 897 1641 956 a,
1656 878 1687 943 5.
1711 898 1786 962 ape
1806 900 1902 966 sopo

170 1008 317 1083 postro
337 1006 589 1081 pepersonst
609 1005 643 1057 et
662 992 742 1073 VII,
755 996 828 1073 a‚8.
853 1013 925 1077 ape
945 1012 1046 1077 supo
1072 1001 1219 1076 postro
1240 1012 1438 1078 pepeacus
1459 994 1594 1082 legitur.
1637 995 1686 1057 Ex
1705 996 1757 1059 his
1777 999 1903 1062 intelli·

171 1119 276 1203 gitur,
297 1111 453 1202 περαια
476 1133 546 1176 esse
567 1116 775 1200 purgamina,
798 1132 818 1174 a
837 1130 987 1194 perseo
1009 1111 1042 1171 b.
1066 1129 1095 1175 e.
1118 1130 1252 1198 purgo
1274 1110 1434 1191 derivata,
1455 1111 1543 1176 unde
1563 1111 1689 1201 περστε
1710 1128 1902 1203 purgato,

170 1253 246 1318 ape
266 1253 466 1319 pepeseus
486 1252 511 1293 a.
536 1242 788 1316 peperscust
808 1240 919 1293 autem
941 1229 1103 1314 quando
1124 1234 1375 1318 purgaveris
1395 1232 1567 1319 significat.
1612 1233 1736 1315 Quodsi
1749 1238 1904 1324 purgatio

151 1363 435 1438 ¹eope-poetro
456 1371 481 1411 s.
505 1370 600 1414 oeno
621 1347 756 1438 πεστρα
777 1350 825 1426 fit,
847 1351 973 1411 mirum
995 1368 1064 1411 esse
1084 1352 1211 1432 nequit,
1239 1349 1328 1432 quod
1348 1370 1411 1435 pro
1440 1370 1532 1415 σεπα
1554 1370 1661 1432 seura
1680 1355 1716 1414 in
1743 1365 1835 1418 sexta
1855 1366 1904 1419 ta-

168 1470 249 1533 bula
271 1489 419 1555 persae
439 1472 529 1531 fetu
549 1469 697 1556 legatur:
729 1487 806 1528 nam
827 1486 922 1533 oeno
943 1488 1052 1549 σθμτθ
1080 1468 1164 1529 mihi
1189 1470 1358 1531 sulfure
1385 1469 1598 1532 sulfurato
1620 1471 1904 1555 interpretandum

168 1607 240 1651 essa
261 1587 405 1668 videtur,
428 1585 707 1672 quemadmodum
728 1606 835 1652 maore
856 1608 882 1648 a.
906 1585 1052 1675 πεστρα,
1074 1606 1176 1668 quum
1198 1606 1314 1652 notura
1328 1584 1470 1664 dicatur,
1492 1588 1642 1650 bitumen
1663 1609 1704 1651 ex
1713 1587 1791 1652 Asia
1812 1596 1905 1674 quasi

169 1706 332 1795 φωστῆρα
363 1729 389 1768 s.
424 1707 578 1796 φῶστρον
611 1704 769 1794 designat.
821 1703 968 1768 Sulfuris
1000 1713 1034 1767 et
1059 1705 1232 1766 bituminis
1262 1725 1360 1766 usum
1385 1706 1421 1764 in
1446 1707 1565 1784 sacris,
1598 1726 1681 1788 quae
1709 1712 1906 1793 expiationIs

142 1845 273 1888 soausa
292 1826 425 1904 fiebant,
447 1829 538 1891 inter
558 1826 642 1889 alios
664 1825 842 1915 praecipue
863 1821 962 1887 docet
983 1820 1184 1885 Claudianus
1206 1820 1253 1882 de
1273 1820 1338 1884 Vl.
1367 1819 1484 1884 Cous.
1508 1823 1665 1887 Honor.
1694 1846 1727 1890 v.
1750 1830 1811 1894 324
1833 1849 1901 1913 sqq.

473 1948 476 1955 ’
582 1942 774 2005 Lustralem
794 1944 842 2003 sio
862 1943 929 2005 rite
949 1942 1067 2018 facem,
1089 1942 1145 2002 eui
1167 1941 1280 2002 lumen
1301 1939 1442 2003 odorum
1563 1928 1571 1943 ’

583 2059 760 2123 Sulfure
781 2058 937 2123 caeruleo
958 2062 1122 2148 nigroque
1141 2059 1343 2122 bitumine
1363 2061 1480 2137 fumat,

584 2177 722 2241 Circum
742 2179 891 2242 membra
912 2188 1002 2273 rotat
1021 2175 1137 2240 doetus
1157 2175 1374 2263 purganda
1394 2174 1556 2256 sacerdos,

582 2298 671 2359 Rure
690 2301 748 2382 pio
769 2317 924 2384 spargens
946 2307 980 2360 et
999 2294 1074 2359 dira
1094 2284 1284 2384 fugantibus
1304 2296 1428 2376 herbis,

584 2414 733 2480 Numina
753 2416 996 2502 purificumque
1016 2416 1135 2478 lovem
1156 2413 1375 2496 Triviamque
1394 2425 1549 2499 precatus
1573 2426 1634 2479 cet

170 2534 229 2599 Sic
249 2537 285 2597 in
306 2535 456 2622 Iguvinis
476 2533 600 2596 tabulis
620 2535 727 2598 luva
747 2532 958 2597 Garbovei
979 2543 1013 2595 et
1033 2532 1166 2595 'I'rebo
1188 2531 1308 2594 Jovie
1328 2551 1423 2594 sacra
1442 2534 1540 2611 fiunt,
1562 2532 1620 2596 aed
1640 2532 1767 2597 Tefro
1788 2535 1906 2600 Jovie

56 2644 64 2655 ⁶
171 2654 279 2734 1V‚b‚
292 2657 399 2736 26qu
412 2672 479 2715 non
499 2653 610 2717 solum
630 2670 740 2717 maora
762 2670 878 2717 ασιανε
899 2653 994 2728 fiunt,
1016 2650 1253 2712 verumetiam
1275 2646 1375 2735 ξερεφ
1387 2658 1421 2711 et
1434 2647 1583 2713 πελσανα
1604 2649 1636 2710 h.
1650 2670 1678 2712 e.
1693 2670 1770 2714 rore
1792 2655 1849 2737 pio
1872 2664 1906 2716 et

171 2771 248 2835 dira
258 2772 449 2860 fugantibus
460 2771 584 2849 herbis,
598 2773 669 2833 sive
680 2771 792 2854 potius
812 2768 1009 2831 verbonis
1030 2778 1064 2828 et
1083 2764 1275 2827 balsamo.
1298 2763 1421 2827 Serse
1441 2769 1579 2850 proprie
1599 2768 1711 2830 felicia
1721 2766 1905 2858 designare,

172 2891 256 2954 alias
276 2890 482 2964 videbimus;
504 2888 562 2950 sed
582 2888 696 2950 felices
717 2885 838 2947 herbae
859 2887 895 2946 in
916 2886 1017 2945 sacris
1038 2893 1116 2946 sunt
1136 2882 1258 2946 herbae
1278 2894 1424 2947 sacratae
1444 2886 1514 2949 sive
1535 2888 1692 2973 sagmina.

339 3012 390 3073 24.
434 3000 581 3087 Ne'quis
604 3005 873 3083 conjunctionem
894 3013 935 3066 et
953 3005 1044 3066 inter
1063 3021 1162 3087 aopo
1180 2970 1325 3087 poetro
1346 3001 1521 3084 desideret,
1544 3003 1725 3068 notandum
1747 3016 1806 3086 est,
1828 3005 1911 3069 Um

170 3129 250 3190 bros
271 3129 334 3189 ista
356 3127 591 3205 conjunctione
612 3142 690 3186 raro
713 3143 782 3186 esse
802 3141 896 3185 usust
916 3119 1003 3184 unde
1025 3123 1125 3184 etiam
1147 3118 1362 3204 lv,b‚1tsq.
1378 3144 1472 3209 μεφα
1493 3120 1633 3203 Ρεστιζα
1654 3143 1717 3208 pro
1737 3127 1909 3189 vestinis

171 3256 211 3309 et
231 3246 337 3307 mefa
358 3243 420 3320 Vl,
433 3244 501 3321 a‚5.
525 3241 660 3329 legitur.
690 3238 818 3302 Ibidem
840 3242 1075 3328 imperativum
1096 3258 1230 3318 norma,
1251 3241 1339 3303 sieut
1359 3242 1472 3325 paullo
1493 3251 1569 3326 post
1590 3262 1686 3328 mara,
1709 3260 1775 3304 non
1796 3240 1908 3305 reddi·

170 3374 244 3427 tum
265 3382 334 3426 esse
355 3365 392 3424 in
412 3371 504 3424 sexta
524 3360 649 3438 tabula,
680 3377 747 3420 non
777 3359 882 3444 magis
910 3377 1097 3442 quenquam
1125 3355 1301 3423 offendere
1329 3368 1448 3442 potest,
1481 3378 1580 3442 quam
1608 3357 1696 3442 quod
1723 3359 1785 3439 IV,
1804 3358 1836 3440 b,
1855 3363 1906 3427 18.

175 3483 302 3546 otram
322 3491 356 3543 et
376 3481 438 3557 IV,
460 3501 490 3559 a,
501 3482 553 3547 38.
576 3480 711 3559 Σαταμε
733 3487 904 3540 exaratum
926 3486 986 3555 est,
1019 3495 1087 3538 nou
1107 3474 1222 3540 addito
1242 3476 1349 3540 altero
1371 3478 1505 3540 nomine
1526 3476 1649 3540 Sansi
1669 3478 1725 3541 vel
1746 3477 1906 3542 Traha:

175 3601 281 3663 multo
302 3602 407 3687 magis
429 3596 652 3662 observandus
680 3606 765 3660 esset
785 3595 915 3659 additus
945 3595 1008 3674 VI,
1028 3615 1059 3674 a,
1079 3598 1130 3664 18.
1154 3597 1373 3681 imperativus
1394 3598 1500 3674 aitu,
1526 3599 1593 3658 nisi
1614 3598 1714 3660 etiam
1735 3595 1798 3675 IV,
1818 3617 1849 3674 a,
1867 3598 1909 3663 29

174 3727 208 3781 et
226 3720 277 3785 37.
302 3738 388 3781 καπι
408 3713 518 3798 σακρα
540 3736 618 3780 osee
638 3715 819 3803 legeretur.
863 3714 1095 3777 Memorabilis
1114 3733 1197 3779 vero
1219 3726 1269 3778 est
1296 3712 1421 3777 ibidem
1441 3714 1665 3778 numeralium
1686 3716 1906 3797 permutatio:

173 3855 249 3899 nam
271 3840 307 3898 in
328 3846 447 3920 quarta
467 3835 581 3898 tabula
602 3831 669 3897 duo
691 3832 854 3913 adjectiva
875 3829 1058 3920 πυρτιταφ,
1082 3828 1224 3915 eoadem,
1254 3850 1330 3893 cum
1361 3834 1550 3916 praeposito
1579 3829 1743 3892 numerali
1773 3826 1909 3916 ετραφ

173 3953 250 4019 bez
273 3955 443 4032 alteris,
465 3960 680 4037 repetuntur,
716 3954 751 4013 in
772 3960 869 4013 sexta
883 3969 966 4013 vero
988 3949 1090 4012 semel
1116 3959 1245 4012 tantum
1272 3947 1438 4033 pnrdita
1469 3958 1503 4011 et
1527 3967 1641 4010 sacra
1665 3950 1827 4032 scriptum
1848 3958 1908 4026 est,

173 4070 296 4137 additis
317 4072 429 4135 verbis
450 4070 576 4155 dupla
596 4048 705 4149 aitu,
729 4068 818 4152 quod
839 4088 916 4132 sane
937 4066 1027 4131 idem
1047 4068 1220 4156 significat
1265 4064 1322 4129 sio
1343 4064 1407 4144 IV,
1423 4087 1453 4146 a,
1469 4069 1508 4131 21
1527 4086 1573 4150 sq.
1596 4075 1672 4151 post
1692 4068 1909 4151 imperativos

174 4189 315 4280 απρετε,
347 4187 523 4277 stampe,
557 4208 656 4253 mura
676 4188 840 4263 InaFweg
865 4185 1019 4249 additum
1052 4182 1253 4273 τριιεπεῤ
1286 4182 1483 4271 αμπρεΙτθ,
1516 4182 1721 4274 elstane&
1752 4205 1909 4267 πεσνιμε,

172 4304 375 4397 abstento
402 4328 501 4371 aeota
522 4307 703 4384 ΙκεΓινθςς
725 4304 984 4389 atVI,a‚56sq.
1009 4308 1172 4389 et63sqq.
1196 4306 1322 4392 legitur
1341 4304 1594 4384 ambretuto,
1616 4306 1908 4390 persnimumo‚

174 4426 295 4491 deitu
315 4433 433 4488 etato
455 4423 653 4502 ljovinur
673 4459 717 4471 -
737 4421 835 4485 duti
865 4423 1122 4503 ambretuto,
1152 4426 1427 4508 pesnimumo,
1462 4421 1577 4487 deitu
1605 4425 1762 4486 etaians
1794 4420 1911 4485 daitu

173 4582 217 4594 -
236 4546 388 4609 tertim
408 4541 665 4621 ambretuto,
687 4544 965 4627 pesnimumo,
993 4540 1115 4604 deitu
1135 4544 1283 4604 etaiaa.
1327 4540 1426 4604 Nihil
1446 4544 1537 4605 euim
1555 4544 1671 4616 refert,
1693 4549 1809 4602 utrum
1830 4548 1908 4616 ter,

174 4683 217 4725 an
237 4665 396 4727 iterum
417 4670 451 4723 et
471 4663 608 4723 tertio
629 4657 758 4744 aliquid
778 4661 852 4723 fieri
875 4660 1046 4739 jubeatur:
1069 4655 1348 4749 ederauedautem
1368 4679 1439 4745 pro
1460 4660 1602 4723 tribus
1621 4656 1787 4722 vicibus
1807 4655 1909 4742 signi·

58 4848 61 4853 ,
164 4781 263 4859 ¹licat,
285 4779 379 4844 duti
401 4789 435 4843 et
455 4780 602 4842 tertim
622 4796 705 4841 vero
725 4779 863 4841 altera
884 4788 918 4841 at
942 4780 1074 4842 tertia
1098 4779 1202 4841 vice.
1247 4776 1533 4860 Quemadmodum
1554 4787 1629 4840 ante
1649 4774 1730 4839 baec
1752 4772 1910 4836 adverbia

176 4897 263 4961 nihil
283 4898 421 4987 legitur,
442 4895 533 4982 quod
553 4898 731 4982 primum
751 4896 926 4985 significet,
947 4905 986 4960 ut
1005 4892 1124 4986 πρεμε
1141 4897 1214 4961 siva
1234 4891 1377 4984 πρεμεμ
1396 4893 1631 4975 11„3.1t.ss.;
1652 4895 1700 4956 sic
1720 4888 1784 4969 lv,
1802 4889 1835 4967 b,
1854 4890 1906 4957 ³2.

1416 5051 1438 5113 4
