4364 5754
1058 526 1265 590 ..g-

297 697 506 797 Eugubirria
540 695 717 791 particula
751 695 887 792 prima:
920 719 966 767 err
996 693 1043 765 iis
1075 702 1219 784 autem,
1253 721 1346 792 quae
1378 698 1480 770 idem
1514 698 1560 771 de
1588 697 1777 771 'literatura
1803 697 2032 774 Umbrorum

297 819 468 891 universa
493 814 673 904 disseruit,
698 814 739 886 id
765 811 886 886 solum
912 809 1132 905 excerpsisse
1158 810 1304 905 sufficit,
1340 812 1490 887 illarum
1514 816 1725 890 tabularum
1750 818 1914 912 quinque
1939 817 2034 890 Tus·

297 936 350 1007 cis
373 934 489 1007 literis
515 933 705 1027 inscriptas
731 956 821 1021 esse,
849 929 939 1001 duas
966 952 1099 1022 easque
1123 931 1302 1003 maximas
1318 931 1472 1023 Latinis,
1499 958 1589 1029 quas
1616 934 1728 1007 etiam
1752 933 1928 1006 undecim
1953 932 2032 1004 v'er-

297 1079 360 1126 sus
385 1052 509 1124 tertiae
534 1047 679 1120 tabulae
714 1036 845 1139 adjecti
869 1047 910 1117 in
934 1071 977 1119 ea
1000 1046 1238 1140 inscriptione
1263 1050 1448 1142 exhibent,
1475 1076 1586 1146 quarn
1612 1051 1804 1142 Gruterus,
1830 1076 1875 1123 ex
1899 1050 2034 1123 Bembi

296 1169 519 1242 bibliotheca
544 1166 684 1237 Patavii
717 1166 945 1261 acquisitam,
983 1188 1063 1260 pag.
1091 1161 1242 1255 CXLV,
1271 1167 1304 1240 l.
1329 1167 1430 1240 velut
1464 1169 1646 1243 diversam
1671 1194 1692 1240 a
1716 1168 1868 1263 reliquis
1905 1167 2032 1257 edidit,

297 1286 443 1383 aliique,
469 1294 510 1356 ut
535 1283 698 1355 Smetius
723 1294 759 1356 et
771 1280 923 1372 Merula,
950 1291 1115 1353 octavam
1139 1280 1369 1376 appellarunt
1392 1283 1567 1358 tabulam.
1619 1275 1796 1384 Diversos
1823 1285 2031 1357 tabularum

297 1416 461 1478 auctores
486 1426 506 1474 a
532 1400 686 1473 diversis
711 1425 860 1498 prorsus
885 1399 1114 1494 temporibus
1139 1401 1256 1493 arguit
1282 1401 1492 1498 scripturae,
1519 1404 1799 1499 orthographiae
1825 1413 1932 1498 atque
1959 1426 2032 1472 ser-

296 1523 421 1594 monis
446 1518 665 1592 differentias
700 1520 836 1613 quibus
860 1517 1093 1610 temporibus
1119 1526 1241 1589 auteur
1267 1519 1411 1593 tabulae
1436 1522 1634 1615 inscriptae
1657 1516 1752 1611 sint,
1788 1519 1894 1592 valde
1920 1516 2033 1591 dubia

297 1652 333 1712 et
357 1642 493 1711 incerta
518 1645 572 1706 est
598 1633 808 1728 disputatio.
857 1634 963 1707 Licet
988 1633 1089 1704 enim
1114 1636 1347 1727 concesseris,
1372 1634 1522 1709 Latinas
1556 1637 1679 1709 literas
1704 1637 1821 1709 serius
1855 1639 1895 1708 in
1921 1660 2032 1709 usum

296 1759 438 1830 venisse
479 1775 591 1850 quam
624 1751 778 1841 Tuscas,
817 1751 949 1823 eoderu
980 1760 1102 1822 tamen
1127 1761 1293 1847 tempore
1319 1777 1435 1848 quum
1461 1753 1593 1826 Tuscis
1619 1762 1715 1825 turn.
1732 1752 1874 1825 Latinis
1917 1754 2032 1825 literis

256 1934 259 1951 .
296 1874 410 1948 scribi
443 1870 623 1967 potuisse,
658 1866 835 1941 Italorum
866 1869 1089 1940 numismata
1124 1868 1264 1942 docent.
1316 1870 1400 1941 lrno
1432 1868 1514 1941 fieri
1547 1872 1687 1965 potuit,
1721 1880 1781 1977 ut,
1813 1894 1931 1965 quum
1957 1871 2032 1962 jam
2138 1940 2147 1954 ,,

295 1990 442 2087 pridem
467 1984 608 2060 Latinis
634 1982 749 2055 literis
775 1986 887 2058 scribi
912 1993 1084 2080 coeptum
1109 1997 1214 2077 esset,
1246 1986 1378 2061 Tuscis
1404 1985 1518 2060 literis
1545 1997 1751 2060 exereretur
1774 1989 1953 2059 recentior
1977 1987 2033 2057 in-

295 2108 457 2204 scriptio.
508 2094 611 2178 Vaua
636 2101 752 2199 igitur
785 2103 839 2175 est
872 2101 993 2173 omnis
1019 2098 1147 2197 Lepsii
1172 2104 1455 2194 conjecturade
1489 2104 1670 2176 sermonis
1701 2100 1874 2177 Umbrici
1908 2103 2032 2176 indole

295 2224 489 2322 paullatim
513 2229 666 2310 mutata,
691 2229 869 2314 quatenus
894 2216 959 2288 illa
985 2242 1026 2290 ea
1052 2216 1296 2292 affirmatione
1321 2216 1461 2312 nititur,
1488 2223 1649 2295 Tuscam
1672 2218 1914 2313 literaturam,
1940 2246 2032 2317 quae

294 2367 379 2416 vste
404 2338 583 2417 Umbrica
609 2333 667 2426 sit,
693 2337 881 2432 antiquam
897 2330 1128 2407 Umbrorum
1154 2336 1492 2432 pronuntiationem
1517 2363 1632 2435 aeque
1656 2339 1802 2430 referre,
1829 2350 1936 2435 atque
1961 2336 2031 2409 Ro-

293 2482 441 2536 marram
474 2452 727 2553 posteriorem.
786 2451 913 2549 Longe
945 2449 1100 2524 meliora
1133 2450 1291 2551 Lepsius
1324 2456 1493 2550 exposuit
1523 2454 1570 2529 de
1593 2454 1725 2529 ‘literae
1759 2457 1919 2547 cujusvis
1944 2479 2029 2548 pro-

290 2575 518 2651 nuntiatione
545 2582 581 2643 et
606 2566 651 2642 de
677 2566 918 2666 dispositione
936 2566 1156 2663 tabularum,
1181 2595 1338 2668 quarum
1361 2595 1553 2645 recensum
1577 2571 1677 2644 hunc
1701 2566 1742 2644 in
1766 2568 1923 2644 modum
1948 2595 2032 2668 pro·

291 2675 1732 2782 rulit=1V‚b&a3V‚b&a;ll&l;lll,i&b;vl,b&acum
1767 2685 1958 2780 Viba&
1993 2691 2029 2759 b.

291 2809 392 2882 Hinc
418 2802 645 2901 quadruplex
671 2806 812 2874 exsistit
837 2800 1045 2874 tabularum
1072 2816 1342 2897 argumentum,
1368 2806 1453 2904 quia
1479 2804 1535 2880 vl
1560 2805 1594 2881 dt
1618 2804 1693 2880 VII
1718 2804 1862 2878 tabulae
1888 2804 2030 2879 Latinis

294 2906 410 3000 literis
437 2922 603 3017 scriptae,
636 2920 704 2990 etsi
729 2915 849 2990 multo
874 2920 1015 2990 auctius
1041 2928 1148 3013 atque
1174 2923 1386 3011 correctius,
1418 2923 1548 2995 eadem
1574 2934 1699 2997 tamen
1724 2934 1906 3020 repetunt,
1940 2946 2030 3017 quae

291 3036 416 3112 tabula
441 3032 497 3110 IV
522 3032 680 3107 exbibet.

458 3203 494 3280 3.
545 3205 705 3300 Repetiti
729 3205 841 3296 hujus
866 3205 1073 3300 argumenti
1096 3203 1201 3274 initia
1224 3203 1397 3299 legrmtur
1419 3207 1460 3277 in
1485 3206 1686 3299 posteriore
1711 3207 1767 3279 lv
1788 3219 1824 3278 et
1849 3210 1903 3279 VI
1929 3211 2031 3279 tabu·

293 3328 414 3398 larum
434 3322 583 3417 pagina:
607 3321 789 3393 Bonarota
806 3325 908 3395 enim
925 3324 965 3394 in
986 3322 1198 3416 Dempsteri
1214 3321 1323 3414 libro,
1343 3321 1629 3417 amplitudinem
1648 3325 1725 3396 isra
1745 3324 2032 3419 inscriptionum

294 3453 451 3530 secutus,
468 3439 610 3511 tabulas
627 3464 755 3512 omnes
769 3450 845 3512 tam
858 3463 1029 3535 perversa
1043 3439 1280 3528 coordinavit,
1293 3451 1336 3512 ut
1351 3464 1427 3512 nou
1444 3441 1558 3512 modo
1575 3443 1739 3535 priorem
1753 3452 1896 3536 partem
1907 3442 1974 3531 IV,
1983 3444 2030 3531 V,

292 3560 348 3634 Vl
373 3557 593 3646 tabularum,
620 3557 706 3651 quia
731 3557 877 3630 brevior
902 3568 990 3648 erat,
1014 3557 1207 3652 posticam,
1240 3558 1481 3652 posteriorem
1512 3567 1638 3629 contra
1672 3558 1831 3631 anticam
1857 3560 2029 3654 paginam

290 3677 428 3767 fecerit,
467 3696 598 3747 verum
631 3672 789 3745 etiams
824 3675 967 3748 duabus
1005 3672 1153 3763 tabulis,
1192 3697 1292 3769 quas,
1331 3699 1449 3770 quum
1479 3677 1520 3746 in
1546 3698 1619 3747 una
1644 3684 1789 3756 tantum
1813 3679 1946 3770 pagina
1971 3701 2030 3746 ex·

293 3792 455 3890 sculptae
489 3801 618 3882 essent,
656 3790 809 3887 reliquis
841 3794 1068 3888 anteposuit,
1102 3793 1346 3887 posteriorem
1379 3792 1513 3887 priore,
1550 3788 1713 3887 priorem
1748 3794 1910 3865 secundo
1948 3792 2029 3863 loco

293 3909 495 4006 protulerit.
538 3910 655 4004 ⁴,Illam
675 3908 810 3982 Goriua
835 3911 875 3981 in
900 3910 1117 4006 Appendice
1142 3906 1265 3983 Musei
1283 3906 1440 3982 Etrusci
1464 3907 1646 4004 explicare
1671 3922 1820 3984 conatus
1846 3921 1914 3997 est,
1936 3911 2030 3980 hanc

292 4028 470 4102 Gruterus
495 4050 576 4120 pag.
596 4025 750 4101 CXLII.
767 4026 952 4122 vulgavit·
989 4027 1096 4101 Idem
1112 4038 1252 4099 sextam
1270 4025 1402 4111 Latina
1423 4028 1597 4121 scriptam
1619 4026 1783 4100 tabulam
1804 4028 1938 4099 rectius
1951 4028 2031 4123 qui·

292 4144 380 4217 dem
395 4142 587 4238 disposuit,
612 4145 677 4214 sad
691 4148 807 4240 magis
833 4143 1082 4217 discedentem
1100 4144 1246 4240 scripsit
1265 4145 1312 4215 ab
1328 4144 1539 4240 archetypo,
1560 4167 1673 4240 quarn
1690 4143 1943 4239 Dempsterus,
1969 4167 2030 4213 cu·

291 4262 350 4353 jus
367 4259 522 4349 tabulae,
548 4261 579 4330 si
591 4258 777 4333 literarum
795 4262 1088 4357 magnitudinem
1106 4263 1305 4356 exceperis,
1321 4261 1635 4335 lormas‘relarunt
1650 4285 1695 4333 ex
1719 4264 1816 4335 veris
1830 4284 2029 4358 expressas,

291 4376 392 4450 Hinc
418 4378 596 4451 Gruterus
622 4378 744 4451 literas
769 4380 819 4452 A.
848 4376 969 4457 000.
994 4404 1016 4453 c
1038 4378 1114 4451 fine
1138 4380 1316 4475 septimae
1341 4380 1485 4453 tabulas
1509 4380 1685 4452 undecim
1709 4382 1836 4453 tertiae
1862 4379 2029 4450 versibus

291 4496 421 4568 Latine
460 4498 603 4591 scriptis
642 4497 815 4588 subjecit,
848 4520 951 4591 quae,
990 4499 1024 4570 si
1061 4500 1214 4571 tertium
1252 4497 1418 4570 seculum
1454 4497 1629 4587 iudicant,
1654 4520 1743 4592 quo,
1776 4518 1868 4592 quae
1905 4494 2029 4588 primo

292 4614 425 4687 Tuscis
450 4610 566 4685 literis
593 4625 735 4686 exarata
759 4624 873 4704 eraut,
900 4614 1018 4687 multo
1044 4617 1183 4688 auctius
1210 4617 1347 4710 scripta
1369 4610 1513 4689 Latinis
1537 4612 1654 4685 literis
1679 4613 1948 4708 repetebantur,
1972 4612 2027 4682 in·
2144 4671 2147 4676 .

293 4734 534 4827 scriptionum
557 4731 689 4803 harum
706 4743 872 4828 tempora
897 4734 982 4804 satis
1000 4734 1173 4829 produnt.
1226 4733 1353 4815 Quum
1376 4735 1477 4805 enim
1491 4730 1707 4804 latinarum
1732 4732 1772 4801 in
1785 4730 1951 4823 Iguvinis
1976 4739 2026 4800 ta-

291 4849 389 4921 bulis
414 4848 604 4924 literarum
630 4851 769 4923 formae
791 4852 832 4923 irr
858 4861 1003 4926 sextum
1028 4852 1105 4926 fare
1130 4850 1298 4927 seculum
1323 4853 1369 4927 ab
1395 4850 1497 4926 Urba
1531 4850 1677 4923 condita
1700 4846 1875 4936 incidant,
1901 4856 2026 4941 quarta
