4364 5754
442 1874 476 1975 '.
612 1769 1482 1921 Pro-elatio.

877 2127 1221 2142 u———nn-*n—-u—

351 2394 586 2545 Explicatis
612 2453 785 2525 omnibus
809 2452 1092 2547 inscriptionum
1109 2449 1377 2525 Umbricarum
1410 2454 1622 2541 nominibus
1646 2416 1825 2548 propriis,
1863 2456 1910 2529 ad

189 2583 340 2677 nomina
364 2605 577 2680 communia
600 2605 814 2707 progredior
843 2628 1043 2701 eorumque
1067 2604 1255 2696 flexiones,
1286 2604 1335 2677 ad
1360 2626 1449 2699 quas
1485 2605 1782 2677 demonstrandas
1813 2606 1936 2678 nihil'

190 2758 310 2852 aptius
335 2769 390 2830 est
414 2782 526 2854 quam
551 2714 676 2852 preces
700 2720 741 2827 in
758 2716 883 2828 tribus
908 2756 1104 2850 postremis
1134 2725 1285 2826 tabulis
1302 2777 1385 2829 cum
1415 2754 1524 2826 variis
1549 2756 1826 2849 repetitionibus
1851 2781 1910 2831 ex·

187 2911 334 2984 hibitae.
387 2910 463 2980 Has
487 2909 600 3001 igitur
623 2927 760 3000 preces,
795 2911 951 3001 quarum
975 2906 1185 3002 praecipuas
1217 2880 1295 2998 jam
1317 2905 1514 2980 Lassenius
1540 2907 1727 2980 Professor
1751 2909 1790 2978 in
1815 2908 1911 2982 Rhe-

189 3084 285 3132 nano
307 3059 442 3132 Museo
466 3054 690 3155 philologico
716 3082 736 3128 a
760 3056 959 3132 Welckero
985 3069 1092 3154 atque
1116 3058 1254 3131 Naelrio
1279 3059 1377 3131 edito
1402 3083 1435 3132 a.
1465 3056 1572 3136 1833.
1594 3084 1644 3155 p·
1672 3056 1746 3132 360
1771 3085 1847 3156 sqq.
1875 3071 1912 3134 ct

187 3239 219 3285 a.
249 3210 356 3288 1834.
382 3235 419 3307 p·
450 3207 516 3284 ltl
546 3233 626 3306 sqq..
660 3211 888 3305 interpretari
914 3221 1063 3283 conatus
1088 3220 1152 3301 est,
1187 3209 1298 3301 hujus
1322 3210 1519 3305 particulae
1543 3176 1801 3304 argumentum
1825 3210 1908 3291 leci.

186 3362 369 3437 Nonnulla
385 3361 583 3435 Lassenius
607 3362 740 3434 melius
758 3361 936 3435 intellexit
961 3386 1073 3459 quam
1088 3361 1248 3435 Lanzius
1273 3361 1407 3465 aliique
1421 3361 1640 3435 hariolantes
1656 3363 1773 3457 magis
1798 3386 1909 3459 quom

185 3519 477 3612 interpretantes,
513 3514 618 3610 plura
642 3536 728 3587 vero
753 3511 813 3586 vel
849 3517 999 3587 omnino
1031 3539 1107 3587 non
1139 3515 1320 3606 enodavit,
1356 3514 1415 3586 vel
1430 3616 1432 3619 v
1448 3515 1603 3589 dubiosa
1635 3512 1794 3611 reliquit,
1833 3527 1910 3587 tam

186 3668 314 3743 multis
339 3668 560 3741 intermixtis
586 3669 780 3759 erroribus,
813 3679 854 3741 ut
884 3692 980 3741 nova
994 3667 1161 3764 ¹quadam
1194 3669 1254 3740 via
1277 3668 1559 3763 ingrediendum
1591 3666 1687 3737 mihi
1712 3670 1905 3739 videretur.

186 3824 313 3919 ltaque
338 3788 554 3917 comparatis
589 3822 760 3893 omnibus
792 3823 972 3916 precibus,
1008 3828 1258 3917 quaecumque
1290 3813 1330 3894 in
1364 3820 1500 3916 quintu,
1533 3828 1644 3908 sexta,
1681 3819 1908 3915 septimaque

185 3972 319 4046 tabulis
344 3974 565 4069 perscriptae
591 3983 686 4061 sunt,
720 3973 882 4043 rectioris
907 3926 1215 4067 interpretationis
1249 3972 1486 4045 fundamenta
1509 3970 1674 4062 jacienda
1696 3973 1834 4066 putavi,
1872 3983 1908 4045 et

186 4125 271 4221 quia
294 4123 467 4220 pleraque
493 4120 642 4196 Catonis
667 4121 846 4215 Censorii,
884 4123 1018 4214 tabulis
1032 4083 1034 4086 Α
1050 4125 1214 4218 Iguvinis
1239 4125 1313 4195 lere
1344 4125 1539 4215 coaetanei,
1577 4123 1746 4220 precibus
1772 4122 1909 4195 similia

184 4277 322 4366 inveni,
354 4274 443 4367 illis,
474 4301 564 4374 quae
592 4273 682 4349 Cato
707 4277 832 4368 edidit,
870 4276 916 4350 ad
941 4300 1066 4374 preces
1091 4275 1298 4348 tabularum
1331 4285 1538 4350 nostrarum
1563 4274 1793 4371 explicandas
1818 4300 1906 4352 usus

186 4454 281 4519 sum,
307 4442 440 4524 parum
465 4452 609 4539 curans,
636 4429 725 4524 quid
750 4427 812 4499 alii
837 4439 919 4501 ante
944 4453 1006 4500 me
1029 4429 1088 4500 vel
1113 4437 1208 4499 recte
1232 4426 1293 4499 vel
1317 4452 1510 4524 perperam
1534 4411 1783 4521 judicarerint.
1815 4427 1905 4511 Esse
1971 4523 1976 4532 ⁵
2110 4415 2118 4465 .·

187 4583 338 4677 quidem
363 4579 547 4675 profiteor,
582 4568 675 4677 quac
707 4580 788 4682 ipse
812 4580 1094 4653 nondum'satis
1127 4579 1389 4674 intellexerim,
1429 4583 1493 4654 sed
1518 4582 1607 4654 haec
1639 4604 1701 4652 me
1725 4577 1906 4676 impedire

185 4757 258 4805 non
284 4745 448 4829 possunt,
475 4733 687 4830 quominus
706 4757 746 4806 ea
763 4733 958 4828 proferam,
984 4757 1076 4828 quae
1096 4733 1224 4825 sentio,
1250 4736 1388 4831 quippe
1402 4760 1520 4832 quum
1538 4747 1613 4807 tam
1633 4757 1749 4830 pauca
1765 4733 1905 4804 incerto
2015 4820 2018 4827 .

90 4963 94 4973 ¹
185 4883 408 4979 reliquerim,
433 4895 474 4958 ut
498 4909 574 4958 non
588 4885 780 4958 universus
795 4884 915 4958 solum
934 4885 1132 4958 verborum
1147 4898 1336 4961 contextus
1352 4890 1522 4986 perspici.
1528 4888 1656 4985 possit,
1672 4886 1736 4959 sed
1751 4883 1904 4982 singulis
