<?xml version="1.0" encoding="UTF-8"?>
<!DOCTYPE html PUBLIC "-//W3C//DTD XHTML 1.0 Transitional//EN"
    "http://www.w3.org/TR/xhtml1/DTD/xhtml1-transitional.dtd">
<html xmlns="http://www.w3.org/1999/xhtml" xml:lang="en" lang="en">
 <head>
  <title>
</title>
<meta http-equiv="Content-Type" content="text/html;charset=utf-8" />
  <meta name='ocr-system' content='tesseract 3.04.00' />
  <meta name='ocr-capabilities' content='ocr_page ocr_carea ocr_par ocr_line ocrx_word'/>
</head>
<body>
  <div class='ocr_page' id='page_1' title='image "./rudimentalingua01grotgoog_0099.png"; bbox 0 0 4364 5754; ppageno 0'>
   <div class='ocr_carea' id='block_1_1' title="bbox 933 620 1138 715">
    <p class='ocr_par' dir='ltr' id='par_1_1' title="bbox 933 620 1138 715">
     <span class='ocr_line' id='line_1_1' title="bbox 933 620 1138 715; baseline 0.029 -49"><span class='ocrx_word' id='word_1_1' title='bbox 933 652 975 666; x_wconf 92' lang='grc'><strong>..</strong></span> <span class='ocrx_word' id='word_1_2' title='bbox 1016 620 1138 715; x_wconf 17' lang='grc' dir='ltr'><strong>ῃ...</strong></span> 
     </span>
    </p>
   </div>
   <div class='ocr_carea' id='block_1_2' title="bbox 91 781 1951 4291">
    <p class='ocr_par' dir='ltr' id='par_1_2' title="bbox 91 781 1904 2514">
     <span class='ocr_line' id='line_1_2' title="bbox 175 781 1897 874; baseline 0.003 -28"><span class='ocrx_word' id='word_1_3' title='bbox 175 787 223 846; x_wconf 91' lang='lat' dir='ltr'><strong>sic</strong></span> <span class='ocrx_word' id='word_1_4' title='bbox 244 782 312 846; x_wconf 88' lang='lat' dir='ltr'><strong>dici</strong></span> <span class='ocrx_word' id='word_1_5' title='bbox 333 785 390 845; x_wconf 84' lang='lat' dir='ltr'><strong>vix</strong></span> <span class='ocrx_word' id='word_1_6' title='bbox 411 794 536 868; x_wconf 88' lang='lat' dir='ltr'><strong>potest,</strong></span> <span class='ocrx_word' id='word_1_7' title='bbox 560 781 724 867; x_wconf 84' lang='lat' dir='ltr'><strong>quomodo</strong></span> <span class='ocrx_word' id='word_1_8' title='bbox 746 785 782 846; x_wconf 90' lang='lat' dir='ltr'><strong>in</strong></span> <span class='ocrx_word' id='word_1_9' title='bbox 803 784 938 866; x_wconf 75' lang='lat' dir='ltr'><strong>quintae</strong></span> <span class='ocrx_word' id='word_1_10' title='bbox 959 784 1092 848; x_wconf 87' lang='lat' dir='ltr'><strong>tabulae</strong></span> <span class='ocrx_word' id='word_1_11' title='bbox 1112 784 1211 845; x_wconf 89' lang='lat' dir='ltr'><strong>initio</strong></span> <span class='ocrx_word' id='word_1_12' title='bbox 1231 782 1335 846; x_wconf 79' lang='lat' dir='ltr'><strong>verba</strong></span> <span class='ocrx_word' id='word_1_13' title='bbox 1353 783 1461 847; x_wconf 79' lang='lat' dir='ltr'><strong>sasF</strong></span> <span class='ocrx_word' id='word_1_14' title='bbox 1464 803 1533 861; x_wconf 75' lang='grc' dir='ltr'><strong>ιας</strong></span> <span class='ocrx_word' id='word_1_15' title='bbox 1552 782 1761 874; x_wconf 74' lang='grc' dir='ltr'><strong><em>φαμεριας</em></strong></span> <span class='ocrx_word' id='word_1_16' title='bbox 1781 787 1842 851; x_wconf 83' lang='lat' dir='ltr'><strong>Hs</strong></span> <span class='ocrx_word' id='word_1_17' title='bbox 1849 812 1897 871; x_wconf 85' lang='grc' dir='ltr'><strong>μ-</strong></span> 
     </span>
     <span class='ocr_line' id='line_1_3' title="bbox 174 877 1897 990; baseline 0.002 -24"><span class='ocrx_word' id='word_1_18' title='bbox 174 899 326 990; x_wconf 78' lang='grc' dir='ltr'><strong><em>περιας</em></strong></span> <span class='ocrx_word' id='word_1_19' title='bbox 346 898 423 964; x_wconf 86' lang='lat' dir='ltr'><strong>XII.</strong></span> <span class='ocrx_word' id='word_1_20' title='bbox 446 898 695 986; x_wconf 80' lang='lat' dir='ltr'><strong>interpretanda</strong></span> <span class='ocrx_word' id='word_1_21' title='bbox 714 901 790 962; x_wconf 83' lang='lat' dir='ltr'><strong>sint.</strong></span> <span class='ocrx_word' id='word_1_22' title='bbox 832 899 925 981; x_wconf 73' lang='lat' dir='ltr'><strong>Quae</strong></span> <span class='ocrx_word' id='word_1_23' title='bbox 942 901 974 961; x_wconf 88' lang='lat' dir='ltr'><strong>si</strong></span> <span class='ocrx_word' id='word_1_24' title='bbox 994 902 1148 984; x_wconf 79' lang='lat' dir='ltr'><strong>apposita</strong></span> <span class='ocrx_word' id='word_1_25' title='bbox 1162 910 1240 963; x_wconf 89' lang='lat' dir='ltr'><strong>suut</strong></span> <span class='ocrx_word' id='word_1_26' title='bbox 1260 899 1382 981; x_wconf 83' lang='lat' dir='ltr'><strong>dativis</strong></span> <span class='ocrx_word' id='word_1_27' title='bbox 1402 877 1590 981; x_wconf 63' lang='grc' dir='ltr'><em>Σεμεειες</em></span> <span class='ocrx_word' id='word_1_28' title='bbox 1608 900 1815 990; x_wconf 72' lang='grc' dir='ltr'><em>τεκυριες,</em></span> <span class='ocrx_word' id='word_1_29' title='bbox 1837 909 1897 969; x_wconf 87' lang='lat' dir='ltr'><strong>ali·</strong></span> 
     </span>
     <span class='ocr_line' id='line_1_4' title="bbox 174 1017 1904 1105; baseline 0.004 -24"><span class='ocrx_word' id='word_1_30' title='bbox 174 1029 228 1081; x_wconf 90' lang='lat' dir='ltr'><strong>ter</strong></span> <span class='ocrx_word' id='word_1_31' title='bbox 249 1039 287 1081; x_wconf 91' lang='lat' dir='ltr'><strong>ea</strong></span> <span class='ocrx_word' id='word_1_32' title='bbox 307 1030 438 1083; x_wconf 87' lang='lat' dir='ltr'><strong>vertere</strong></span> <span class='ocrx_word' id='word_1_33' title='bbox 461 1022 590 1100; x_wconf 91' lang='lat' dir='ltr'><strong>nescio,</strong></span> <span class='ocrx_word' id='word_1_34' title='bbox 623 1037 721 1102; x_wconf 87' lang='lat' dir='ltr'><strong>quam</strong></span> <span class='ocrx_word' id='word_1_35' title='bbox 741 1017 952 1102; x_wconf 82' lang='lat' dir='ltr'>stirpibus</span> <span class='ocrx_word' id='word_1_36' title='bbox 972 1019 1161 1081; x_wconf 84' lang='lat' dir='ltr'><strong>familiae</strong></span> <span class='ocrx_word' id='word_1_37' title='bbox 1182 1018 1409 1102; x_wconf 83' lang='lat' dir='ltr'><strong>Pompilius</strong></span> <span class='ocrx_word' id='word_1_38' title='bbox 1430 1017 1672 1100; x_wconf 81' lang='lat' dir='ltr'><strong>duodecim,</strong></span> <span class='ocrx_word' id='word_1_39' title='bbox 1695 1024 1788 1105; x_wconf 85' lang='lat' dir='ltr'><strong>quasi</strong></span> <span class='ocrx_word' id='word_1_40' title='bbox 1807 1046 1904 1089; x_wconf 53' lang='grc' dir='ltr'><strong>τεκη</strong></span> 
     </span>
     <span class='ocr_line' id='line_1_5' title="bbox 173 1135 1894 1222; baseline 0.001 -21"><span class='ocrx_word' id='word_1_41' title='bbox 173 1138 206 1201; x_wconf 88' lang='lat' dir='ltr'><em>F</em></span> <span class='ocrx_word' id='word_1_42' title='bbox 209 1158 274 1213; x_wconf 84' lang='grc' dir='ltr'><strong>ιας</strong></span> <span class='ocrx_word' id='word_1_43' title='bbox 295 1157 357 1222; x_wconf 91' lang='lat' dir='ltr'><strong>pro</strong></span> <span class='ocrx_word' id='word_1_44' title='bbox 378 1139 505 1218; x_wconf 74' lang='grc' dir='ltr'><em>γενεαῖς</em></span> <span class='ocrx_word' id='word_1_45' title='bbox 525 1139 685 1222; x_wconf 84' lang='lat' dir='ltr'><strong>scriptum</strong></span> <span class='ocrx_word' id='word_1_46' title='bbox 706 1139 766 1215; x_wconf 87' lang='lat' dir='ltr'><strong>sit,</strong></span> <span class='ocrx_word' id='word_1_47' title='bbox 788 1139 875 1199; x_wconf 87' lang='lat' dir='ltr'><strong>sicut</strong></span> <span class='ocrx_word' id='word_1_48' title='bbox 895 1135 983 1222; x_wconf 88' lang='lat' dir='ltr'><strong>apud</strong></span> <span class='ocrx_word' id='word_1_49' title='bbox 1002 1135 1146 1200; x_wconf 82' lang='lat' dir='ltr'><strong>Graecos</strong></span> <span class='ocrx_word' id='word_1_50' title='bbox 1160 1135 1270 1198; x_wconf 85' lang='lat' dir='ltr'><strong>iidem</strong></span> <span class='ocrx_word' id='word_1_51' title='bbox 1289 1137 1585 1217; x_wconf 69' lang='lat' dir='ltr'><strong>ronigdicuntur,</strong></span> <span class='ocrx_word' id='word_1_52' title='bbox 1607 1142 1664 1221; x_wconf 86' lang='lat' dir='ltr'><strong>qui</strong></span> <span class='ocrx_word' id='word_1_53' title='bbox 1685 1143 1790 1219; x_wconf 71' lang='grc' dir='ltr'><em>γονεῖς</em></span> <span class='ocrx_word' id='word_1_54' title='bbox 1809 1154 1894 1206; x_wconf 87' lang='lat' dir='ltr'><strong>sunt.</strong></span> 
     </span>
     <span class='ocr_line' id='line_1_6' title="bbox 174 1249 1894 1343; baseline 0.005 -27"><span class='ocrx_word' id='word_1_55' title='bbox 174 1255 395 1317; x_wconf 84' lang='lat' dir='ltr'><strong>Recementur</strong></span> <span class='ocrx_word' id='word_1_56' title='bbox 416 1265 543 1333; x_wconf 84' lang='lat' dir='ltr'><strong>tamen,</strong></span> <span class='ocrx_word' id='word_1_57' title='bbox 577 1257 671 1336; x_wconf 79' lang='lat' dir='ltr'><strong>quasi</strong></span> <span class='ocrx_word' id='word_1_58' title='bbox 690 1251 784 1315; x_wconf 89' lang='lat' dir='ltr'><strong>XIX.</strong></span> <span class='ocrx_word' id='word_1_59' title='bbox 807 1273 869 1338; x_wconf 90' lang='lat' dir='ltr'><strong>pro</strong></span> <span class='ocrx_word' id='word_1_60' title='bbox 891 1249 968 1319; x_wconf 88' lang='lat' dir='ltr'><strong>XII.</strong></span> <span class='ocrx_word' id='word_1_61' title='bbox 1001 1253 1176 1343; x_wconf 82' lang='lat' dir='ltr'><strong>legendum</strong></span> <span class='ocrx_word' id='word_1_62' title='bbox 1209 1258 1270 1334; x_wconf 83' lang='lat' dir='ltr'><strong>sit,</strong></span> <span class='ocrx_word' id='word_1_63' title='bbox 1313 1255 1531 1319; x_wconf 79' lang='lat' dir='ltr'><strong>novendecim</strong></span> <span class='ocrx_word' id='word_1_64' title='bbox 1562 1258 1717 1339; x_wconf 79' lang='lat' dir='ltr'>stirpium</span> <span class='ocrx_word' id='word_1_65' title='bbox 1747 1264 1894 1323; x_wconf 71' lang='lat' dir='ltr'><strong>nominas</strong></span> 
     </span>
     <span class='ocr_line' id='line_1_7' title="bbox 178 1370 1897 1452; baseline 0.005 -19"><span class='ocrx_word' id='word_1_66' title='bbox 178 1372 262 1436; x_wconf 89' lang='lat' dir='ltr'><strong>dnae</strong></span> <span class='ocrx_word' id='word_1_67' title='bbox 283 1373 559 1451; x_wconf 87' lang='lat' dir='ltr'><strong>Atiersiates,</strong></span> <span class='ocrx_word' id='word_1_68' title='bbox 581 1371 666 1435; x_wconf 84' lang='lat' dir='ltr'><strong>duae</strong></span> <span class='ocrx_word' id='word_1_69' title='bbox 687 1370 950 1452; x_wconf 86' lang='lat' dir='ltr'><strong>Clavcrniae,</strong></span> <span class='ocrx_word' id='word_1_70' title='bbox 966 1370 1056 1434; x_wconf 89' lang='lat' dir='ltr'><strong>duae</strong></span> <span class='ocrx_word' id='word_1_71' title='bbox 1076 1371 1318 1452; x_wconf 75' lang='lat' dir='ltr'><strong>Carula-tes,</strong></span> <span class='ocrx_word' id='word_1_72' title='bbox 1339 1371 1424 1435; x_wconf 86' lang='lat' dir='ltr'><strong>dnae</strong></span> <span class='ocrx_word' id='word_1_73' title='bbox 1444 1371 1635 1452; x_wconf 86' lang='lat' dir='ltr'><strong>Satanae,</strong></span> <span class='ocrx_word' id='word_1_74' title='bbox 1659 1373 1741 1438; x_wconf 85' lang='lat' dir='ltr'><strong>duae</strong></span> <span class='ocrx_word' id='word_1_75' title='bbox 1763 1377 1897 1441; x_wconf 87' lang='lat' dir='ltr'><strong>Peier-</strong></span> 
     </span>
     <span class='ocr_line' id='line_1_8' title="bbox 173 1488 1894 1575; baseline 0.003 -22"><span class='ocrx_word' id='word_1_76' title='bbox 173 1494 315 1570; x_wconf 79' lang='lat' dir='ltr'><strong>sistes,</strong></span> <span class='ocrx_word' id='word_1_77' title='bbox 337 1490 440 1553; x_wconf 89' lang='lat' dir='ltr'><strong>duae</strong></span> <span class='ocrx_word' id='word_1_78' title='bbox 462 1490 708 1569; x_wconf 87' lang='lat' dir='ltr'><strong>Talenates,</strong></span> <span class='ocrx_word' id='word_1_79' title='bbox 729 1488 815 1552; x_wconf 86' lang='lat' dir='ltr'><strong>duae</strong></span> <span class='ocrx_word' id='word_1_80' title='bbox 835 1490 1085 1569; x_wconf 88' lang='lat' dir='ltr'><strong>Musejates,</strong></span> <span class='ocrx_word' id='word_1_81' title='bbox 1108 1489 1193 1553; x_wconf 88' lang='lat' dir='ltr'><strong>duaa</strong></span> <span class='ocrx_word' id='word_1_82' title='bbox 1214 1492 1235 1554; x_wconf 91' lang='lat' dir='ltr'>J</span> <span class='ocrx_word' id='word_1_83' title='bbox 1242 1498 1487 1569; x_wconf 86' lang='lat' dir='ltr'><strong>uiescanae,</strong></span> <span class='ocrx_word' id='word_1_84' title='bbox 1521 1501 1654 1575; x_wconf 77' lang='lat' dir='ltr'><strong>tresque</strong></span> <span class='ocrx_word' id='word_1_85' title='bbox 1674 1491 1894 1561; x_wconf 80' lang='lat' dir='ltr'><strong>Casilates:</strong></span> 
     </span>
     <span class='ocr_line' id='line_1_9' title="bbox 174 1605 1764 1696; baseline 0 -24"><span class='ocrx_word' id='word_1_86' title='bbox 174 1610 294 1692; x_wconf 84' lang='lat' dir='ltr'><strong>quibus</strong></span> <span class='ocrx_word' id='word_1_87' title='bbox 314 1608 398 1671; x_wconf 90' lang='lat' dir='ltr'><strong>duae</strong></span> <span class='ocrx_word' id='word_1_88' title='bbox 418 1630 557 1673; x_wconf 74' lang='lat' dir='ltr'><strong>vassas</strong></span> <span class='ocrx_word' id='word_1_89' title='bbox 577 1611 648 1670; x_wconf 85' lang='lat' dir='ltr'><strong>sive</strong></span> <span class='ocrx_word' id='word_1_90' title='bbox 669 1618 781 1696; x_wconf 83' lang='lat' dir='ltr'><strong>gentes</strong></span> <span class='ocrx_word' id='word_1_91' title='bbox 801 1606 985 1686; x_wconf 86' lang='lat' dir='ltr'><strong>adduntur,</strong></span> <span class='ocrx_word' id='word_1_92' title='bbox 1008 1605 1087 1670; x_wconf 90' lang='lat' dir='ltr'><strong>dum</strong></span> <span class='ocrx_word' id='word_1_93' title='bbox 1108 1626 1201 1671; x_wconf 85' lang='lat' dir='ltr'><strong>sacra</strong></span> <span class='ocrx_word' id='word_1_94' title='bbox 1222 1611 1472 1694; x_wconf 83' lang='lat' dir='ltr'><strong>praecipiuntur</strong></span> <span class='ocrx_word' id='word_1_95' title='bbox 1492 1607 1643 1673; x_wconf 84' lang='lat' dir='ltr'><strong>facienda</strong></span> <span class='ocrx_word' id='word_1_96' title='bbox 1763 1683 1764 1687; x_wconf 7' lang='grc' dir='ltr'><strong>Ἰ</strong></span> 
     </span>
     <span class='ocr_line' id='line_1_10' title="bbox 91 1708 1446 1814; baseline 0.001 -27"><span class='ocrx_word' id='word_1_97' title='bbox 91 1708 97 1716; x_wconf 57' lang='grc'><em>’</em></span> <span class='ocrx_word' id='word_1_98' title='bbox 277 1725 321 1806; x_wconf 88' lang='lat' dir='ltr'><strong>V,</strong></span> <span class='ocrx_word' id='word_1_99' title='bbox 344 1726 376 1805; x_wconf 92' lang='lat' dir='ltr'><strong>b,</strong></span> <span class='ocrx_word' id='word_1_100' title='bbox 398 1730 450 1793; x_wconf 82' lang='lat'><strong>26.</strong></span> <span class='ocrx_word' id='word_1_101' title='bbox 493 1728 577 1791; x_wconf 83' lang='lat' dir='ltr'><strong>IsFe</strong></span> <span class='ocrx_word' id='word_1_102' title='bbox 597 1724 712 1812; x_wconf 72' lang='grc' dir='ltr'><em>Πατρε</em></span> <span class='ocrx_word' id='word_1_103' title='bbox 733 1722 919 1808; x_wconf 54' lang='lat' dir='ltr'><strong>Fabiana&amp;</strong></span> <span class='ocrx_word' id='word_1_104' title='bbox 939 1740 1048 1790; x_wconf 74' lang='grc' dir='ltr'><em>νατινε</em></span> <span class='ocrx_word' id='word_1_105' title='bbox 1072 1722 1212 1808; x_wconf 62' lang='lat' dir='ltr'><strong>woerda</strong></span> <span class='ocrx_word' id='word_1_106' title='bbox 1232 1724 1400 1814; x_wconf 71' lang='grc' dir='ltr'><strong>Ατιιεριε.</strong></span> <span class='ocrx_word' id='word_1_107' title='bbox 1443 1772 1446 1777; x_wconf 78' lang='lat'><em>-</em></span> 
     </span>
     <span class='ocr_line' id='line_1_11' title="bbox 261 1839 1631 1932; baseline -0.002 -25"><span class='ocrx_word' id='word_1_108' title='bbox 261 1845 321 1920; x_wconf 76' lang='lat' dir='ltr'><strong>·V,</strong></span> <span class='ocrx_word' id='word_1_109' title='bbox 343 1863 373 1923; x_wconf 87' lang='lat' dir='ltr'><strong>a,</strong></span> <span class='ocrx_word' id='word_1_110' title='bbox 396 1847 565 1910; x_wconf 63' lang='lat' dir='ltr'><strong>21‘0e35.</strong></span> <span class='ocrx_word' id='word_1_111' title='bbox 614 1846 713 1907; x_wconf 68' lang='lat' dir='ltr'><strong>derra</strong></span> <span class='ocrx_word' id='word_1_112' title='bbox 735 1843 833 1907; x_wconf 81' lang='lat' dir='ltr'><strong>IeFte</strong></span> <span class='ocrx_word' id='word_1_113' title='bbox 855 1873 896 1889; x_wconf 92' lang='lat'><strong>·-·</strong></span> <span class='ocrx_word' id='word_1_114' title='bbox 917 1839 1155 1929; x_wconf 74' lang='grc' dir='ltr'><em>Πετρυνιαπερ</em></span> <span class='ocrx_word' id='word_1_115' title='bbox 1172 1865 1279 1907; x_wconf 72' lang='lat' dir='ltr'><strong>vontus</strong></span> <span class='ocrx_word' id='word_1_116' title='bbox 1304 1839 1443 1928; x_wconf 74' lang='grc' dir='ltr'><strong>Φρατρε</strong></span> <span class='ocrx_word' id='word_1_117' title='bbox 1463 1841 1631 1932; x_wconf 60' lang='lat' dir='ltr'><strong>Astaspes.</strong></span> 
     </span>
     <span class='ocr_line' id='line_1_12' title="bbox 175 1959 1899 2048; baseline 0.005 -25"><span class='ocrx_word' id='word_1_118' title='bbox 175 1962 238 2024; x_wconf 89' lang='lat' dir='ltr'><strong>His</strong></span> <span class='ocrx_word' id='word_1_119' title='bbox 260 1963 370 2025; x_wconf 81' lang='lat' dir='ltr'><strong>uerbis</strong></span> <span class='ocrx_word' id='word_1_120' title='bbox 391 1962 544 2024; x_wconf 78' lang='lat' dir='ltr'><strong>Fratrum</strong></span> <span class='ocrx_word' id='word_1_121' title='bbox 565 1959 789 2023; x_wconf 80' lang='lat' dir='ltr'><strong>Atiarsiorum</strong></span> <span class='ocrx_word' id='word_1_122' title='bbox 810 1970 922 2048; x_wconf 83' lang='lat' dir='ltr'><strong>gentes</strong></span> <span class='ocrx_word' id='word_1_123' title='bbox 942 1961 1074 2022; x_wconf 84' lang='lat' dir='ltr'><strong>Fusium</strong></span> <span class='ocrx_word' id='word_1_124' title='bbox 1093 1963 1164 2023; x_wconf 81' lang='lat' dir='ltr'><strong>sive</strong></span> <span class='ocrx_word' id='word_1_125' title='bbox 1184 1961 1317 2022; x_wconf 85' lang='lat' dir='ltr'><strong>Furiam</strong></span> <span class='ocrx_word' id='word_1_126' title='bbox 1344 1968 1442 2042; x_wconf 82' lang='lat' dir='ltr'><strong>atque</strong></span> <span class='ocrx_word' id='word_1_127' title='bbox 1463 1960 1651 2023; x_wconf 82' lang='lat' dir='ltr'><strong>Petroniam</strong></span> <span class='ocrx_word' id='word_1_128' title='bbox 1677 1960 1836 2045; x_wconf 78' lang='lat' dir='ltr'><strong>indIcari,</strong></span> <span class='ocrx_word' id='word_1_129' title='bbox 1859 1988 1899 2030; x_wconf 85' lang='lat' dir='ltr'><strong>ex</strong></span> 
     </span>
     <span class='ocr_line' id='line_1_13' title="bbox 175 2076 1900 2167; baseline 0.003 -25"><span class='ocrx_word' id='word_1_130' title='bbox 175 2080 244 2142; x_wconf 91' lang='lat' dir='ltr'><strong>illis</strong></span> <span class='ocrx_word' id='word_1_131' title='bbox 266 2082 468 2167; x_wconf 77' lang='lat' dir='ltr'><strong>intelligitur</strong></span> <span class='ocrx_word' id='word_1_132' title='bbox 498 2078 787 2162; x_wconf 75' lang='lat' dir='ltr'><strong>inscriptionibus,</strong></span> <span class='ocrx_word' id='word_1_133' title='bbox 830 2080 867 2140; x_wconf 93' lang='lat' dir='ltr'><strong>in</strong></span> <span class='ocrx_word' id='word_1_134' title='bbox 888 2078 1007 2162; x_wconf 89' lang='lat' dir='ltr'><strong>quibus</strong></span> <span class='ocrx_word' id='word_1_135' title='bbox 1027 2079 1121 2140; x_wconf 82' lang='lat' dir='ltr'><strong>Furii</strong></span> <span class='ocrx_word' id='word_1_136' title='bbox 1151 2088 1249 2160; x_wconf 87' lang='lat' dir='ltr'><strong>atque</strong></span> <span class='ocrx_word' id='word_1_137' title='bbox 1269 2076 1419 2143; x_wconf 85' lang='lat' dir='ltr'><strong>Petronii</strong></span> <span class='ocrx_word' id='word_1_138' title='bbox 1440 2076 1664 2144; x_wconf 81' lang='lat' dir='ltr'><strong>Clustuminae</strong></span> <span class='ocrx_word' id='word_1_139' title='bbox 1684 2082 1791 2145; x_wconf 86' lang='lat' dir='ltr'><strong>tribus</strong></span> <span class='ocrx_word' id='word_1_140' title='bbox 1811 2088 1900 2148; x_wconf 81' lang='lat' dir='ltr'><strong>ciues</strong></span> 
     </span>
     <span class='ocr_line' id='line_1_14' title="bbox 175 2197 1506 2276; baseline 0.002 -18"><span class='ocrx_word' id='word_1_141' title='bbox 175 2197 349 2276; x_wconf 89' lang='lat' dir='ltr'><strong>dicuntur,</strong></span> <span class='ocrx_word' id='word_1_142' title='bbox 371 2207 410 2259; x_wconf 91' lang='lat' dir='ltr'><strong>ut</strong></span> <span class='ocrx_word' id='word_1_143' title='bbox 430 2218 471 2260; x_wconf 85' lang='lat' dir='ltr'><strong>ex</strong></span> <span class='ocrx_word' id='word_1_144' title='bbox 1390 2232 1399 2251; x_wconf 49' lang='lat' dir='ltr'><strong>a</strong></span> <span class='ocrx_word' id='word_1_145' title='bbox 1501 2237 1506 2245; x_wconf 80' lang='lat'><strong>,</strong></span> 
     </span>
     <span class='ocr_line' id='line_1_15' title="bbox 260 2295 1897 2398; baseline 0.002 -22"><span class='ocrx_word' id='word_1_146' title='bbox 260 2311 696 2398; x_wconf 72' lang='lat' dir='ltr'><strong>carsulanaapudluurat.</strong></span> <span class='ocrx_word' id='word_1_147' title='bbox 718 2311 944 2390; x_wconf 82' lang='lat' dir='ltr'><strong>nxcv11,s.</strong></span> <span class='ocrx_word' id='word_1_148' title='bbox 967 2314 1023 2377; x_wconf 76' lang='lat' dir='ltr'><strong>vo</strong></span> <span class='ocrx_word' id='word_1_149' title='bbox 1043 2311 1193 2393; x_wconf 76' lang='lat' dir='ltr'><strong>ucclv,</strong></span> <span class='ocrx_word' id='word_1_150' title='bbox 1216 2318 1246 2381; x_wconf 78' lang='grc'><strong>4.</strong></span> <span class='ocrx_word' id='word_1_151' title='bbox 1282 2311 1317 2374; x_wconf 87' lang='lat' dir='ltr'><strong>c.</strong></span> <span class='ocrx_word' id='word_1_152' title='bbox 1341 2311 1515 2374; x_wconf 81' lang='lat' dir='ltr'><strong>rvmvs.</strong></span> <span class='ocrx_word' id='word_1_153' title='bbox 1540 2311 1576 2376; x_wconf 87' lang='lat' dir='ltr'><strong>c.</strong></span> <span class='ocrx_word' id='word_1_154' title='bbox 1598 2313 1633 2380; x_wconf 85' lang='lat' dir='ltr'><strong>r.</strong></span> <span class='ocrx_word' id='word_1_155' title='bbox 1656 2295 1759 2379; x_wconf 70' lang='lat' dir='ltr'><strong>cuv.</strong></span> <span class='ocrx_word' id='word_1_156' title='bbox 1783 2319 1897 2385; x_wconf 73' lang='lat' dir='ltr'><strong>arao.</strong></span> 
     </span>
     <span class='ocr_line' id='line_1_16' title="bbox 259 2427 1768 2514; baseline 0.001 -20"><span class='ocrx_word' id='word_1_157' title='bbox 259 2431 401 2495; x_wconf 83' lang='lat' dir='ltr'><strong>Tuderti</strong></span> <span class='ocrx_word' id='word_1_158' title='bbox 504 2465 518 2477; x_wconf 92' lang='lat'>·</span> <span class='ocrx_word' id='word_1_159' title='bbox 621 2466 635 2479; x_wconf 91' lang='lat'>·</span> <span class='ocrx_word' id='word_1_160' title='bbox 718 2427 995 2510; x_wconf 67' lang='lat' dir='ltr'><strong>Mcccxuvlt·</strong></span> <span class='ocrx_word' id='word_1_161' title='bbox 1009 2434 1058 2495; x_wconf 82' lang='lat'><strong>10.</strong></span> <span class='ocrx_word' id='word_1_162' title='bbox 1082 2430 1158 2492; x_wconf 87' lang='lat' dir='ltr'><strong>noll.</strong></span> <span class='ocrx_word' id='word_1_163' title='bbox 1182 2429 1325 2514; x_wconf 55' lang='lat' dir='ltr'><strong>Gruter,</strong></span> <span class='ocrx_word' id='word_1_164' title='bbox 1338 2427 1620 2509; x_wconf 82' lang='lat' dir='ltr'><strong>DCGLXXXVI,</strong></span> <span class='ocrx_word' id='word_1_165' title='bbox 1643 2435 1663 2498; x_wconf 83' lang='lat'><strong>3</strong></span> <span class='ocrx_word' id='word_1_166' title='bbox 1685 2445 1719 2496; x_wconf 85' lang='lat' dir='ltr'><strong>et</strong></span> <span class='ocrx_word' id='word_1_167' title='bbox 1738 2437 1768 2502; x_wconf 85' lang='lat'><strong>8.</strong></span> 
     </span>
    </p>

    <p class='ocr_par' dir='ltr' id='par_1_3' title="bbox 342 2542 1710 2630">
     <span class='ocr_line' id='line_1_17' title="bbox 342 2542 1710 2630; baseline -0.001 -19"><span class='ocrx_word' id='word_1_168' title='bbox 342 2550 475 2613; x_wconf 84' lang='lat' dir='ltr'><strong>FVRIO</strong></span> <span class='ocrx_word' id='word_1_169' title='bbox 498 2548 533 2614; x_wconf 83' lang='lat' dir='ltr'><strong>C.</strong></span> <span class='ocrx_word' id='word_1_170' title='bbox 555 2550 589 2615; x_wconf 83' lang='lat' dir='ltr'><strong>F.</strong></span> <span class='ocrx_word' id='word_1_171' title='bbox 613 2549 715 2615; x_wconf 85' lang='lat' dir='ltr'><strong>CLV.</strong></span> <span class='ocrx_word' id='word_1_172' title='bbox 738 2546 853 2611; x_wconf 87' lang='lat' dir='ltr'>VRSO</span> <span class='ocrx_word' id='word_1_173' title='bbox 876 2544 889 2630; x_wconf 69' lang='lat' dir='ltr'><strong>l</strong></span> <span class='ocrx_word' id='word_1_174' title='bbox 912 2546 1084 2611; x_wconf 84' lang='lat' dir='ltr'><strong>MVSEIA</strong></span> <span class='ocrx_word' id='word_1_175' title='bbox 1104 2548 1143 2629; x_wconf 78' lang='lat' dir='ltr'><strong>Q.</strong></span> <span class='ocrx_word' id='word_1_176' title='bbox 1165 2548 1199 2607; x_wconf 80' lang='lat' dir='ltr'><strong>F.</strong></span> <span class='ocrx_word' id='word_1_177' title='bbox 1224 2544 1372 2608; x_wconf 77' lang='lat' dir='ltr'>GALLA</span> <span class='ocrx_word' id='word_1_178' title='bbox 1395 2542 1407 2625; x_wconf 82' lang='grc' dir='ltr'><strong>ΙΙ</strong></span> <span class='ocrx_word' id='word_1_179' title='bbox 1431 2544 1557 2607; x_wconf 82' lang='lat' dir='ltr'><strong>VXOR</strong></span> <span class='ocrx_word' id='word_1_180' title='bbox 1575 2546 1710 2611; x_wconf 83' lang='lat' dir='ltr'><strong>FECIT.</strong></span> 
     </span>
    </p>

    <p class='ocr_par' dir='ltr' id='par_1_4' title="bbox 258 2659 1899 2753">
     <span class='ocr_line' id='line_1_18' title="bbox 258 2659 1899 2753; baseline 0.001 -21"><span class='ocrx_word' id='word_1_181' title='bbox 258 2669 415 2732; x_wconf 76' lang='lat' dir='ltr'><strong>Am0rina</strong></span> <span class='ocrx_word' id='word_1_182' title='bbox 437 2667 524 2753; x_wconf 89' lang='lat' dir='ltr'><strong>apud</strong></span> <span class='ocrx_word' id='word_1_183' title='bbox 545 2668 680 2733; x_wconf 89' lang='lat' dir='ltr'><strong>Gruter.</strong></span> <span class='ocrx_word' id='word_1_184' title='bbox 704 2664 909 2744; x_wconf 87' lang='lat' dir='ltr'><strong>MXXVIII,</strong></span> <span class='ocrx_word' id='word_1_185' title='bbox 932 2671 961 2731; x_wconf 89' lang='lat'><strong>1.</strong></span> <span class='ocrx_word' id='word_1_186' title='bbox 983 2665 1061 2726; x_wconf 91' lang='lat' dir='ltr'><strong>coll.</strong></span> <span class='ocrx_word' id='word_1_187' title='bbox 1084 2661 1264 2738; x_wconf 84' lang='lat' dir='ltr'><strong>MXGVII,</strong></span> <span class='ocrx_word' id='word_1_188' title='bbox 1287 2666 1315 2724; x_wconf 91' lang='lat'><strong>1.</strong></span> <span class='ocrx_word' id='word_1_189' title='bbox 1337 2660 1380 2725; x_wconf 89' lang='grc' dir='ltr'><strong>Τ.</strong></span> <span class='ocrx_word' id='word_1_190' title='bbox 1401 2659 1622 2726; x_wconf 81' lang='lat' dir='ltr'><strong>PETRONIO</strong></span> <span class='ocrx_word' id='word_1_191' title='bbox 1644 2664 1684 2727; x_wconf 88' lang='lat' dir='ltr'><strong>T.</strong></span> <span class='ocrx_word' id='word_1_192' title='bbox 1707 2667 1741 2728; x_wconf 73' lang='lat'><strong>1².</strong></span> <span class='ocrx_word' id='word_1_193' title='bbox 1763 2664 1775 2749; x_wconf 78' lang='grc' dir='ltr'><strong>ΙΙ</strong></span> <span class='ocrx_word' id='word_1_194' title='bbox 1795 2668 1835 2734; x_wconf 89' lang='grc' dir='ltr'><strong>Τ.</strong></span> <span class='ocrx_word' id='word_1_195' title='bbox 1857 2671 1899 2736; x_wconf 92' lang='grc' dir='ltr'><strong>Ν.</strong></span> 
     </span>
    </p>

    <p class='ocr_par' dir='ltr' id='par_1_5' title="bbox 426 2784 768 2849">
     <span class='ocr_line' id='line_1_19' title="bbox 426 2784 768 2849; baseline -0.012 -1"><span class='ocrx_word' id='word_1_196' title='bbox 426 2784 529 2849; x_wconf 87' lang='lat' dir='ltr'><strong>CLV.</strong></span> <span class='ocrx_word' id='word_1_197' title='bbox 552 2784 768 2848; x_wconf 84' lang='lat' dir='ltr'>PROCVLO.</span> 
     </span>
    </p>

    <p class='ocr_par' dir='ltr' id='par_1_6' title="bbox 127 2894 1951 3677">
     <span class='ocr_line' id='line_1_20' title="bbox 179 2894 1905 2990; baseline -0.006 -23"><span class='ocrx_word' id='word_1_198' title='bbox 179 2905 243 2967; x_wconf 88' lang='lat' dir='ltr'><strong>His</strong></span> <span class='ocrx_word' id='word_1_199' title='bbox 264 2907 300 2973; x_wconf 85' lang='lat' dir='ltr'><strong>in</strong></span> <span class='ocrx_word' id='word_1_200' title='bbox 321 2896 594 2988; x_wconf 75' lang='lat' dir='ltr'><strong>inscriptionibus</strong></span> <span class='ocrx_word' id='word_1_201' title='bbox 616 2922 682 2963; x_wconf 91' lang='lat' dir='ltr'><strong>non</strong></span> <span class='ocrx_word' id='word_1_202' title='bbox 704 2901 813 2961; x_wconf 91' lang='lat' dir='ltr'><strong>solum</strong></span> <span class='ocrx_word' id='word_1_203' title='bbox 833 2901 926 2962; x_wconf 83' lang='lat' dir='ltr'><strong>Furii</strong></span> <span class='ocrx_word' id='word_1_204' title='bbox 946 2908 981 2961; x_wconf 89' lang='lat' dir='ltr'><strong>et</strong></span> <span class='ocrx_word' id='word_1_205' title='bbox 1001 2898 1150 2960; x_wconf 87' lang='lat' dir='ltr'><strong>Petronii</strong></span> <span class='ocrx_word' id='word_1_206' title='bbox 1171 2897 1341 2983; x_wconf 85' lang='lat' dir='ltr'><strong>leguntur,</strong></span> <span class='ocrx_word' id='word_1_207' title='bbox 1363 2894 1420 2958; x_wconf 85' lang='lat' dir='ltr'><strong>scd</strong></span> <span class='ocrx_word' id='word_1_208' title='bbox 1440 2895 1601 2978; x_wconf 87' lang='lat' dir='ltr'><strong>Museja</strong></span> <span class='ocrx_word' id='word_1_209' title='bbox 1620 2921 1769 2986; x_wconf 76' lang='lat' dir='ltr'><strong>quoquo,</strong></span> <span class='ocrx_word' id='word_1_210' title='bbox 1791 2926 1905 2990; x_wconf 68' lang='lat' dir='ltr'><strong>quem.</strong></span> 
     </span>
     <span class='ocr_line' id='line_1_21' title="bbox 180 3011 1951 3102; baseline 0.002 -17"><span class='ocrx_word' id='word_1_211' title='bbox 180 3020 571 3085; x_wconf 80' lang='lat' dir='ltr'><strong>admodum-Massiua</strong></span> <span class='ocrx_word' id='word_1_212' title='bbox 602 3020 828 3082; x_wconf 85' lang='lat' dir='ltr'><strong>Petronius</strong></span> <span class='ocrx_word' id='word_1_213' title='bbox 858 3015 947 3102; x_wconf 90' lang='lat' dir='ltr'><strong>apud</strong></span> <span class='ocrx_word' id='word_1_214' title='bbox 968 3013 1065 3079; x_wconf 84' lang='lat' dir='ltr'><strong>Grnt.</strong></span> <span class='ocrx_word' id='word_1_215' title='bbox 1099 3011 1281 3093; x_wconf 78' lang='lat' dir='ltr'><strong>Dexcvt,</strong></span> <span class='ocrx_word' id='word_1_216' title='bbox 1304 3017 1354 3080; x_wconf 82' lang='lat'><strong>13.</strong></span> <span class='ocrx_word' id='word_1_217' title='bbox 1376 3024 1410 3078; x_wconf 90' lang='lat' dir='ltr'><strong>et</strong></span> <span class='ocrx_word' id='word_1_218' title='bbox 1433 3013 1650 3099; x_wconf 82' lang='lat' dir='ltr'><strong>Pompeius</strong></span> <span class='ocrx_word' id='word_1_219' title='bbox 1670 3020 1903 3089; x_wconf 75' lang='lat' dir='ltr'><strong>Mursianus</strong></span> <span class='ocrx_word' id='word_1_220' title='bbox 1947 3083 1951 3097; x_wconf 81' lang='grc'><strong>,</strong></span> 
     </span>
     <span class='ocr_line' id='line_1_22' title="bbox 127 3133 1904 3233; baseline -0.001 -30"><span class='ocrx_word' id='word_1_221' title='bbox 127 3220 133 3233; x_wconf 26' lang='grc' dir='ltr'>ι</span> <span class='ocrx_word' id='word_1_222' title='bbox 181 3138 268 3226; x_wconf 90' lang='lat' dir='ltr'><strong>apud</strong></span> <span class='ocrx_word' id='word_1_223' title='bbox 300 3138 434 3202; x_wconf 87' lang='lat' dir='ltr'><strong>Gruter.</strong></span> <span class='ocrx_word' id='word_1_224' title='bbox 457 3135 583 3217; x_wconf 86' lang='lat' dir='ltr'><strong>XLVI,</strong></span> <span class='ocrx_word' id='word_1_225' title='bbox 604 3138 649 3215; x_wconf 53' lang='grc' dir='ltr'><strong>ὅ..</strong></span> <span class='ocrx_word' id='word_1_226' title='bbox 681 3135 884 3215; x_wconf 88' lang='lat' dir='ltr'><strong>Musejati</strong></span> <span class='ocrx_word' id='word_1_227' title='bbox 911 3137 1009 3219; x_wconf 86' lang='lat' dir='ltr'><strong>stirpi</strong></span> <span class='ocrx_word' id='word_1_228' title='bbox 1030 3134 1176 3196; x_wconf 77' lang='lat' dir='ltr'><strong>familiae</strong></span> <span class='ocrx_word' id='word_1_229' title='bbox 1196 3133 1379 3218; x_wconf 89' lang='lat' dir='ltr'><strong>Pompiliae</strong></span> <span class='ocrx_word' id='word_1_230' title='bbox 1400 3135 1656 3216; x_wconf 80' lang='lat' dir='ltr'><strong>annumerandi,</strong></span> <span class='ocrx_word' id='word_1_231' title='bbox 1687 3159 1729 3202; x_wconf 82' lang='lat' dir='ltr'><strong>ex</strong></span> <span class='ocrx_word' id='word_1_232' title='bbox 1761 3163 1904 3224; x_wconf 71' lang='lat' dir='ltr'><strong>quorum</strong></span> 
     </span>
     <span class='ocr_line' id='line_1_23' title="bbox 180 3248 1903 3345; baseline 0.002 -23"><span class='ocrx_word' id='word_1_233' title='bbox 180 3261 339 3345; x_wconf 82' lang='lat' dir='ltr'><strong>exemplis</strong></span> <span class='ocrx_word' id='word_1_234' title='bbox 360 3259 458 3342; x_wconf 86' lang='lat' dir='ltr'><strong>stirps</strong></span> <span class='ocrx_word' id='word_1_235' title='bbox 471 3254 642 3335; x_wconf 81' lang='lat' dir='ltr'><strong>Curejas</strong></span> <span class='ocrx_word' id='word_1_236' title='bbox 663 3274 729 3317; x_wconf 91' lang='lat' dir='ltr'><strong>nou</strong></span> <span class='ocrx_word' id='word_1_237' title='bbox 748 3265 817 3317; x_wconf 85' lang='lat' dir='ltr'><strong>tam</strong></span> <span class='ocrx_word' id='word_1_238' title='bbox 839 3252 1043 3331; x_wconf 85' lang='lat' dir='ltr'><strong>Curiatia,</strong></span> <span class='ocrx_word' id='word_1_239' title='bbox 1066 3272 1164 3334; x_wconf 86' lang='lat' dir='ltr'><strong>quam</strong></span> <span class='ocrx_word' id='word_1_240' title='bbox 1175 3248 1315 3328; x_wconf 85' lang='lat' dir='ltr'><strong>Curia,</strong></span> <span class='ocrx_word' id='word_1_241' title='bbox 1336 3251 1664 3336; x_wconf 84' lang='lat' dir='ltr'><strong>interpretandaest.</strong></span> <span class='ocrx_word' id='word_1_242' title='bbox 1707 3256 1903 3342; x_wconf 84' lang='lat' dir='ltr'><strong>Peiersii,</strong></span> 
     </span>
     <span class='ocr_line' id='line_1_24' title="bbox 181 3367 1906 3464; baseline 0.003 -24"><span class='ocrx_word' id='word_1_243' title='bbox 181 3383 211 3440; x_wconf 91' lang='lat' dir='ltr'><strong>si</strong></span> <span class='ocrx_word' id='word_1_244' title='bbox 245 3373 395 3464; x_wconf 70' lang='grc' dir='ltr'><strong><em>φαμερια</em></strong></span> <span class='ocrx_word' id='word_1_245' title='bbox 414 3372 599 3463; x_wconf 69' lang='grc' dir='ltr'><em>Πεμπερια</em></span> <span class='ocrx_word' id='word_1_246' title='bbox 619 3383 710 3435; x_wconf 88' lang='lat' dir='ltr'><strong>recte</strong></span> <span class='ocrx_word' id='word_1_247' title='bbox 730 3374 875 3434; x_wconf 89' lang='lat' dir='ltr'><strong>vertitur</strong></span> <span class='ocrx_word' id='word_1_248' title='bbox 897 3371 1061 3432; x_wconf 85' lang='lat' dir='ltr'><strong>familia</strong></span> <span class='ocrx_word' id='word_1_249' title='bbox 1081 3369 1304 3456; x_wconf 73' lang='lat' dir='ltr'><strong>Pompilia⁷</strong></span> <span class='ocrx_word' id='word_1_250' title='bbox 1321 3367 1447 3450; x_wconf 89' lang='lat' dir='ltr'><strong>Pilii,</strong></span> <span class='ocrx_word' id='word_1_251' title='bbox 1469 3381 1508 3434; x_wconf 91' lang='lat' dir='ltr'><strong>ut</strong></span> <span class='ocrx_word' id='word_1_252' title='bbox 1528 3371 1709 3437; x_wconf 82' lang='lat' dir='ltr'><strong>Atiersii</strong></span> <span class='ocrx_word' id='word_1_253' title='bbox 1729 3376 1826 3442; x_wconf 82' lang='lat' dir='ltr'><strong>Atilii</strong></span> <span class='ocrx_word' id='word_1_254' title='bbox 1847 3402 1906 3446; x_wconf 82' lang='lat' dir='ltr'><strong>vo·</strong></span> 
     </span>
     <span class='ocr_line' id='line_1_25' title="bbox 182 3484 1906 3578; baseline 0.001 -20"><span class='ocrx_word' id='word_1_255' title='bbox 182 3496 279 3559; x_wconf 86' lang='lat' dir='ltr'><strong>candi</strong></span> <span class='ocrx_word' id='word_1_256' title='bbox 300 3507 393 3558; x_wconf 84' lang='lat' dir='ltr'><strong>sunt:</strong></span> <span class='ocrx_word' id='word_1_257' title='bbox 426 3503 562 3578; x_wconf 86' lang='lat' dir='ltr'><strong>possunt</strong></span> <span class='ocrx_word' id='word_1_258' title='bbox 583 3503 692 3555; x_wconf 86' lang='lat' dir='ltr'><strong>tamen</strong></span> <span class='ocrx_word' id='word_1_259' title='bbox 712 3489 958 3553; x_wconf 81' lang='lat' dir='ltr'><strong>Atiersiatea</strong></span> <span class='ocrx_word' id='word_1_260' title='bbox 979 3489 1020 3553; x_wconf 91' lang='lat' dir='ltr'><strong>ab</strong></span> <span class='ocrx_word' id='word_1_261' title='bbox 1041 3489 1172 3575; x_wconf 76' lang='lat' dir='ltr'><strong>origine</strong></span> <span class='ocrx_word' id='word_1_262' title='bbox 1193 3485 1294 3548; x_wconf 88' lang='lat' dir='ltr'><strong>Plinii</strong></span> <span class='ocrx_word' id='word_1_263' title='bbox 1313 3484 1489 3551; x_wconf 79' lang='lat' dir='ltr'><strong>Attidiates</strong></span> <span class='ocrx_word' id='word_1_264' title='bbox 1510 3510 1596 3571; x_wconf 88' lang='lat' dir='ltr'><strong>esse,</strong></span> <span class='ocrx_word' id='word_1_265' title='bbox 1629 3502 1668 3556; x_wconf 86' lang='lat' dir='ltr'><strong>ut</strong></span> <span class='ocrx_word' id='word_1_266' title='bbox 1688 3493 1906 3563; x_wconf 87' lang='lat' dir='ltr'><strong>Talenates</strong></span> 
     </span>
     <span class='ocr_line' id='line_1_26' title="bbox 162 3588 1489 3677; baseline 0.002 0"><span class='ocrx_word' id='word_1_267' title='bbox 162 3588 370 3677; x_wconf 59' lang='lat' dir='ltr'><strong>&#39;ramata</strong></span> <span class='ocrx_word' id='word_1_268' title='bbox 817 3613 819 3617; x_wconf 69' lang='grc'>’</span> <span class='ocrx_word' id='word_1_269' title='bbox 1484 3590 1489 3613; x_wconf 84' lang='grc'><strong>’</strong></span> 
     </span>
    </p>

    <p class='ocr_par' dir='ltr' id='par_1_7' title="bbox 182 3721 1908 4291">
     <span class='ocr_line' id='line_1_27' title="bbox 346 3721 1907 3812; baseline -0.001 -20"><span class='ocrx_word' id='word_1_270' title='bbox 346 3736 400 3803; x_wconf 81' lang='grc' dir='ltr'><strong>10.Ι</strong></span> <span class='ocrx_word' id='word_1_271' title='bbox 439 3731 618 3792; x_wconf 81' lang='lat' dir='ltr'><strong>Furiorum</strong></span> <span class='ocrx_word' id='word_1_272' title='bbox 647 3737 859 3789; x_wconf 86' lang='lat' dir='ltr'><strong>monumenta</strong></span> <span class='ocrx_word' id='word_1_273' title='bbox 885 3722 1019 3808; x_wconf 84' lang='lat' dir='ltr'><strong>quidem</strong></span> <span class='ocrx_word' id='word_1_274' title='bbox 1040 3721 1181 3785; x_wconf 86' lang='lat' dir='ltr'><strong>Tusculi</strong></span> <span class='ocrx_word' id='word_1_275' title='bbox 1213 3721 1340 3785; x_wconf 87' lang='lat' dir='ltr'><strong>detecta</strong></span> <span class='ocrx_word' id='word_1_276' title='bbox 1369 3733 1464 3801; x_wconf 82' lang='lat' dir='ltr'><strong>sunt3</strong></span> <span class='ocrx_word' id='word_1_277' title='bbox 1496 3722 1554 3786; x_wconf 89' lang='lat' dir='ltr'><strong>sed</strong></span> <span class='ocrx_word' id='word_1_278' title='bbox 1575 3736 1688 3812; x_wconf 85' lang='lat' dir='ltr'><strong>gentos</strong></span> <span class='ocrx_word' id='word_1_279' title='bbox 1708 3746 1842 3808; x_wconf 88' lang='lat' dir='ltr'><strong>eorum,</strong></span> <span class='ocrx_word' id='word_1_280' title='bbox 1873 3743 1907 3795; x_wconf 78' lang='lat' dir='ltr'><strong>et</strong></span> 
     </span>
     <span class='ocr_line' id='line_1_28' title="bbox 182 3840 1907 3936; baseline -0.001 -23"><span class='ocrx_word' id='word_1_281' title='bbox 182 3854 341 3936; x_wconf 85' lang='lat' dir='ltr'><strong>patriciae</strong></span> <span class='ocrx_word' id='word_1_282' title='bbox 364 3858 397 3911; x_wconf 87' lang='lat' dir='ltr'><strong>et</strong></span> <span class='ocrx_word' id='word_1_283' title='bbox 416 3848 579 3932; x_wconf 88' lang='lat' dir='ltr'><strong>plebejae,</strong></span> <span class='ocrx_word' id='word_1_284' title='bbox 613 3866 679 3908; x_wconf 92' lang='lat' dir='ltr'><strong>non</strong></span> <span class='ocrx_word' id='word_1_285' title='bbox 706 3864 747 3905; x_wconf 81' lang='lat' dir='ltr'><strong>ex</strong></span> <span class='ocrx_word' id='word_1_286' title='bbox 775 3863 841 3906; x_wconf 89' lang='lat' dir='ltr'><strong>nna</strong></span> <span class='ocrx_word' id='word_1_287' title='bbox 869 3840 1046 3924; x_wconf 84' lang='lat' dir='ltr'><strong>eademque</strong></span> <span class='ocrx_word' id='word_1_288' title='bbox 1073 3842 1210 3927; x_wconf 85' lang='lat' dir='ltr'><strong>regione</strong></span> <span class='ocrx_word' id='word_1_289' title='bbox 1231 3843 1395 3927; x_wconf 76' lang='lat' dir='ltr'><strong>originem</strong></span> <span class='ocrx_word' id='word_1_290' title='bbox 1417 3840 1551 3905; x_wconf 87' lang='lat' dir='ltr'><strong>duxere.</strong></span> <span class='ocrx_word' id='word_1_291' title='bbox 1593 3841 1650 3904; x_wconf 88' lang='lat' dir='ltr'><strong>Sic</strong></span> <span class='ocrx_word' id='word_1_292' title='bbox 1671 3847 1771 3908; x_wconf 86' lang='lat' dir='ltr'><strong>etiam</strong></span> <span class='ocrx_word' id='word_1_293' title='bbox 1792 3847 1907 3912; x_wconf 86' lang='lat' dir='ltr'><strong>Patro-</strong></span> 
     </span>
     <span class='ocr_line' id='line_1_29' title="bbox 183 3957 1908 4055; baseline 0.001 -24"><span class='ocrx_word' id='word_1_294' title='bbox 183 3975 272 4031; x_wconf 87' lang='lat' dir='ltr'><strong>niam</strong></span> <span class='ocrx_word' id='word_1_295' title='bbox 303 3978 450 4055; x_wconf 79' lang='lat' dir='ltr'><strong>gentem,</strong></span> <span class='ocrx_word' id='word_1_296' title='bbox 483 3965 645 4049; x_wconf 89' lang='lat' dir='ltr'><strong>plebejam</strong></span> <span class='ocrx_word' id='word_1_297' title='bbox 677 3959 826 4044; x_wconf 86' lang='lat' dir='ltr'><strong>quidem,</strong></span> <span class='ocrx_word' id='word_1_298' title='bbox 859 3957 916 4022; x_wconf 83' lang='lat' dir='ltr'><strong>sed</strong></span> <span class='ocrx_word' id='word_1_299' title='bbox 946 3959 1154 4021; x_wconf 84' lang='lat' dir='ltr'><strong>consularem</strong></span> <span class='ocrx_word' id='word_1_300' title='bbox 1182 3968 1216 4020; x_wconf 89' lang='lat' dir='ltr'><strong>at</strong></span> <span class='ocrx_word' id='word_1_301' title='bbox 1240 3960 1518 4040; x_wconf 83' lang='lat' dir='ltr'><strong>antiquissimam,</strong></span> <span class='ocrx_word' id='word_1_302' title='bbox 1551 3971 1688 4046; x_wconf 89' lang='lat' dir='ltr'><strong>propter</strong></span> <span class='ocrx_word' id='word_1_303' title='bbox 1708 3964 1908 4032; x_wconf 85' lang='lat' dir='ltr'><strong>Feroniaea</strong></span> 
     </span>
     <span class='ocr_line' id='line_1_30' title="bbox 183 4075 1906 4170; baseline 0.001 -23"><span class='ocrx_word' id='word_1_304' title='bbox 183 4085 313 4148; x_wconf 87' lang='lat' dir='ltr'><strong>Sabinis</strong></span> <span class='ocrx_word' id='word_1_305' title='bbox 333 4085 550 4170; x_wconf 85' lang='lat' dir='ltr'><strong>peculiariter</strong></span> <span class='ocrx_word' id='word_1_306' title='bbox 571 4083 680 4143; x_wconf 87' lang='lat' dir='ltr'><strong>cultae</strong></span> <span class='ocrx_word' id='word_1_307' title='bbox 701 4090 800 4164; x_wconf 87' lang='lat' dir='ltr'><strong>capnt</strong></span> <span class='ocrx_word' id='word_1_308' title='bbox 821 4082 856 4140; x_wconf 93' lang='lat' dir='ltr'><strong>in</strong></span> <span class='ocrx_word' id='word_1_309' title='bbox 878 4076 1020 4141; x_wconf 87' lang='lat' dir='ltr'><strong>denariis</strong></span> <span class='ocrx_word' id='word_1_310' title='bbox 1041 4076 1216 4139; x_wconf 87' lang='lat' dir='ltr'><strong>Petroniae</strong></span> <span class='ocrx_word' id='word_1_311' title='bbox 1237 4077 1343 4161; x_wconf 83' lang='lat' dir='ltr'><strong>gentis</strong></span> <span class='ocrx_word' id='word_1_312' title='bbox 1364 4077 1513 4138; x_wconf 80' lang='lat' dir='ltr'><strong>edictum</strong></span> <span class='ocrx_word' id='word_1_313' title='bbox 1534 4096 1552 4139; x_wconf 88' lang='lat' dir='ltr'><strong>c</strong></span> <span class='ocrx_word' id='word_1_314' title='bbox 1571 4075 1704 4142; x_wconf 85' lang='lat' dir='ltr'><strong>Sabinis</strong></span> <span class='ocrx_word' id='word_1_315' title='bbox 1732 4083 1906 4150; x_wconf 87' lang='lat' dir='ltr'><strong>oriundam</strong></span> 
     </span>
     <span class='ocr_line' id='line_1_31' title="bbox 184 4193 1908 4291; baseline 0.001 -26"><span class='ocrx_word' id='word_1_316' title='bbox 184 4212 361 4291; x_wconf 83' lang='lat' dir='ltr'><strong>putarunt,</strong></span> <span class='ocrx_word' id='word_1_317' title='bbox 392 4200 593 4287; x_wconf 88' lang='lat' dir='ltr'><strong>praesertim·</strong></span> <span class='ocrx_word' id='word_1_318' title='bbox 618 4218 720 4281; x_wconf 81' lang='lat' dir='ltr'><strong>quum</strong></span> <span class='ocrx_word' id='word_1_319' title='bbox 741 4198 916 4260; x_wconf 88' lang='lat' dir='ltr'><strong>Petronius</strong></span> <span class='ocrx_word' id='word_1_320' title='bbox 937 4195 1077 4258; x_wconf 84' lang='lat' dir='ltr'><strong>Sabinus</strong></span> <span class='ocrx_word' id='word_1_321' title='bbox 1108 4195 1175 4275; x_wconf 84' lang='lat' dir='ltr'><strong>jam</strong></span> <span class='ocrx_word' id='word_1_322' title='bbox 1204 4194 1263 4256; x_wconf 90' lang='lat' dir='ltr'><strong>sub</strong></span> <span class='ocrx_word' id='word_1_323' title='bbox 1295 4193 1479 4275; x_wconf 82' lang='lat' dir='ltr'><strong>Tarquinio</strong></span> <span class='ocrx_word' id='word_1_324' title='bbox 1509 4197 1632 4260; x_wconf 80' lang='lat' dir='ltr'><strong>vixisse</strong></span> <span class='ocrx_word' id='word_1_325' title='bbox 1665 4196 1795 4263; x_wconf 87' lang='lat' dir='ltr'><strong>dicatur</strong></span> <span class='ocrx_word' id='word_1_326' title='bbox 1820 4204 1908 4288; x_wconf 90' lang='lat' dir='ltr'><strong>apud</strong></span> 
     </span>
    </p>
   </div>
   <div class='ocr_carea' id='block_1_3' title="bbox 184 4310 2058 4404">
    <p class='ocr_par' dir='ltr' id='par_1_8' title="bbox 184 4310 2058 4404">
     <span class='ocr_line' id='line_1_32' title="bbox 184 4310 2058 4404; baseline -0.005 -18"><span class='ocrx_word' id='word_1_327' title='bbox 184 4322 401 4404; x_wconf 86' lang='lat' dir='ltr'><strong>Dionysium,</strong></span> <span class='ocrx_word' id='word_1_328' title='bbox 434 4329 468 4380; x_wconf 87' lang='lat' dir='ltr'><strong>et</strong></span> <span class='ocrx_word' id='word_1_329' title='bbox 499 4310 541 4378; x_wconf 87' lang='lat' dir='ltr'><strong>ad</strong></span> <span class='ocrx_word' id='word_1_330' title='bbox 560 4316 753 4402; x_wconf 86' lang='lat' dir='ltr'><strong>Turpiliani</strong></span> <span class='ocrx_word' id='word_1_331' title='bbox 784 4334 915 4399; x_wconf 86' lang='lat' dir='ltr'><strong>quoque</strong></span> <span class='ocrx_word' id='word_1_332' title='bbox 943 4333 1123 4401; x_wconf 78' lang='lat' dir='ltr'><strong>cognomen</strong></span> <span class='ocrx_word' id='word_1_333' title='bbox 1144 4312 1288 4396; x_wconf 82' lang='lat' dir='ltr'><strong>Tarpeia</strong></span> <span class='ocrx_word' id='word_1_334' title='bbox 1312 4314 1411 4399; x_wconf 78' lang='lat' dir='ltr'><strong>uirgo</strong></span> <span class='ocrx_word' id='word_1_335' title='bbox 1431 4313 1631 4378; x_wconf 81' lang='lat' dir='ltr'><strong>inuummis</strong></span> <span class='ocrx_word' id='word_1_336' title='bbox 1652 4319 1818 4400; x_wconf 75' lang='lat' dir='ltr'><strong>respIcare</strong></span> <span class='ocrx_word' id='word_1_337' title='bbox 1837 4324 1908 4384; x_wconf 81' lang='lat' dir='ltr'><strong>visa</strong></span> <span class='ocrx_word' id='word_1_338' title='bbox 1969 4384 1971 4389; x_wconf 90' lang='lat'><em>.</em></span> <span class='ocrx_word' id='word_1_339' title='bbox 2050 4362 2058 4377; x_wconf 54' lang='lat'><em>2</em></span> 
     </span>
    </p>
   </div>
   <div class='ocr_carea' id='block_1_4' title="bbox 162 4429 1928 4879">
    <p class='ocr_par' dir='ltr' id='par_1_9' title="bbox 162 4429 1928 4879">
     <span class='ocr_line' id='line_1_33' title="bbox 162 4429 1928 4514; baseline -0.001 -10"><span class='ocrx_word' id='word_1_340' title='bbox 162 4455 168 4461; x_wconf 84' lang='lat'><em>‘</em></span> <span class='ocrx_word' id='word_1_341' title='bbox 186 4446 239 4505; x_wconf 90' lang='lat' dir='ltr'><strong>sit.</strong></span> <span class='ocrx_word' id='word_1_342' title='bbox 282 4439 474 4514; x_wconf 88' lang='lat' dir='ltr'><strong>Praeterea,</strong></span> <span class='ocrx_word' id='word_1_343' title='bbox 497 4436 591 4499; x_wconf 87' lang='lat' dir='ltr'><strong>Festo</strong></span> <span class='ocrx_word' id='word_1_344' title='bbox 614 4444 712 4513; x_wconf 88' lang='lat' dir='ltr'><strong>teste,</strong></span> <span class='ocrx_word' id='word_1_345' title='bbox 735 4433 908 4496; x_wconf 86' lang='lat' dir='ltr'><strong>Petroniae</strong></span> <span class='ocrx_word' id='word_1_346' title='bbox 929 4451 1048 4495; x_wconf 87' lang='lat' dir='ltr'><strong>nomen</strong></span> <span class='ocrx_word' id='word_1_347' title='bbox 1069 4432 1135 4493; x_wconf 81' lang='lat' dir='ltr'><strong>suit</strong></span> <span class='ocrx_word' id='word_1_348' title='bbox 1156 4433 1244 4491; x_wconf 88' lang='lat' dir='ltr'><strong>amni</strong></span> <span class='ocrx_word' id='word_1_349' title='bbox 1265 4429 1350 4514; x_wconf 89' lang='lat' dir='ltr'><strong>apud</strong></span> <span class='ocrx_word' id='word_1_350' title='bbox 1362 4431 1498 4494; x_wconf 87' lang='lat' dir='ltr'><strong>Romam</strong></span> <span class='ocrx_word' id='word_1_351' title='bbox 1519 4435 1718 4496; x_wconf 88' lang='lat' dir='ltr'><strong>inTiberim</strong></span> <span class='ocrx_word' id='word_1_352' title='bbox 1740 4434 1906 4513; x_wconf 84' lang='lat' dir='ltr'><strong>defluenti,</strong></span> <span class='ocrx_word' id='word_1_353' title='bbox 1927 4458 1928 4465; x_wconf 53' lang='lat'>¹</span> 
     </span>
     <span class='ocr_line' id='line_1_34' title="bbox 185 4538 1908 4644; baseline -0.002 -22"><span class='ocrx_word' id='word_1_354' title='bbox 185 4579 283 4643; x_wconf 85' lang='lat' dir='ltr'><strong>quem</strong></span> <span class='ocrx_word' id='word_1_355' title='bbox 303 4559 515 4644; x_wconf 81' lang='lat' dir='ltr'><strong>magistratus</strong></span> <span class='ocrx_word' id='word_1_356' title='bbox 536 4556 704 4638; x_wconf 88' lang='lat' dir='ltr'><strong>auspicato</strong></span> <span class='ocrx_word' id='word_1_357' title='bbox 727 4553 926 4630; x_wconf 83' lang='lat' dir='ltr'><strong>transibant,</strong></span> <span class='ocrx_word' id='word_1_358' title='bbox 948 4538 1050 4633; x_wconf 66' lang='lat' dir='ltr'><strong>nuum</strong></span> <span class='ocrx_word' id='word_1_359' title='bbox 1070 4552 1105 4612; x_wconf 92' lang='lat' dir='ltr'><strong>in</strong></span> <span class='ocrx_word' id='word_1_360' title='bbox 1127 4546 1250 4632; x_wconf 87' lang='lat' dir='ltr'><strong>Campo</strong></span> <span class='ocrx_word' id='word_1_361' title='bbox 1271 4546 1353 4630; x_wconf 84' lang='lat' dir='ltr'><strong>quid</strong></span> <span class='ocrx_word' id='word_1_362' title='bbox 1373 4568 1472 4636; x_wconf 85' lang='lat' dir='ltr'><strong>agere</strong></span> <span class='ocrx_word' id='word_1_363' title='bbox 1493 4550 1664 4629; x_wconf 86' lang='lat' dir='ltr'><strong>volebant,</strong></span> <span class='ocrx_word' id='word_1_364' title='bbox 1699 4538 1787 4635; x_wconf 85' lang='lat' dir='ltr'><strong>quod</strong></span> <span class='ocrx_word' id='word_1_365' title='bbox 1807 4575 1908 4642; x_wconf 84' lang='lat' dir='ltr'><strong>genus</strong></span> 
     </span>
     <span class='ocr_line' id='line_1_35' title="bbox 188 4664 1910 4762; baseline -0.002 -23"><span class='ocrx_word' id='word_1_366' title='bbox 188 4677 327 4762; x_wconf 84' lang='lat' dir='ltr'><strong>auspicii</strong></span> <span class='ocrx_word' id='word_1_367' title='bbox 356 4690 511 4761; x_wconf 89' lang='lat' dir='ltr'><strong>peremne</strong></span> <span class='ocrx_word' id='word_1_368' title='bbox 535 4681 691 4733; x_wconf 81' lang='lat' dir='ltr'><strong>vocatum</strong></span> <span class='ocrx_word' id='word_1_369' title='bbox 720 4679 778 4736; x_wconf 87' lang='lat' dir='ltr'><strong>est.</strong></span> <span class='ocrx_word' id='word_1_370' title='bbox 822 4669 866 4732; x_wconf 78' lang='lat' dir='ltr'><strong>At</strong></span> <span class='ocrx_word' id='word_1_371' title='bbox 883 4670 1057 4732; x_wconf 77' lang='lat' dir='ltr'><strong>Feroniam</strong></span> <span class='ocrx_word' id='word_1_372' title='bbox 1084 4677 1152 4731; x_wconf 86' lang='lat' dir='ltr'><strong>tam</strong></span> <span class='ocrx_word' id='word_1_373' title='bbox 1173 4666 1213 4728; x_wconf 90' lang='lat' dir='ltr'><strong>ab</strong></span> <span class='ocrx_word' id='word_1_374' title='bbox 1235 4664 1386 4745; x_wconf 83' lang='lat' dir='ltr'><strong>Umbris,</strong></span> <span class='ocrx_word' id='word_1_375' title='bbox 1414 4686 1512 4749; x_wconf 85' lang='lat' dir='ltr'><strong>quam</strong></span> <span class='ocrx_word' id='word_1_376' title='bbox 1532 4666 1662 4731; x_wconf 82' lang='lat' dir='ltr'><strong>Sabiuis</strong></span> <span class='ocrx_word' id='word_1_377' title='bbox 1683 4670 1823 4753; x_wconf 84' lang='lat' dir='ltr'><strong>aliisque</strong></span> <span class='ocrx_word' id='word_1_378' title='bbox 1844 4673 1910 4736; x_wconf 91' lang='lat' dir='ltr'><strong>Ita·</strong></span> 
     </span>
     <span class='ocr_line' id='line_1_36' title="bbox 189 4785 1910 4879; baseline 0.001 -24"><span class='ocrx_word' id='word_1_379' title='bbox 189 4796 255 4859; x_wconf 90' lang='lat' dir='ltr'><strong>liae</strong></span> <span class='ocrx_word' id='word_1_380' title='bbox 275 4793 425 4879; x_wconf 91' lang='lat' dir='ltr'><strong>populis,</strong></span> <span class='ocrx_word' id='word_1_381' title='bbox 458 4790 581 4853; x_wconf 87' lang='lat' dir='ltr'><strong>cultam</strong></span> <span class='ocrx_word' id='word_1_382' title='bbox 602 4791 738 4875; x_wconf 89' lang='lat' dir='ltr'><strong>prima</strong></span> <span class='ocrx_word' id='word_1_383' title='bbox 758 4787 872 4851; x_wconf 90' lang='lat' dir='ltr'><strong>tabula</strong></span> <span class='ocrx_word' id='word_1_384' title='bbox 903 4785 1034 4874; x_wconf 86' lang='lat' dir='ltr'><strong>prodit,</strong></span> <span class='ocrx_word' id='word_1_385' title='bbox 1066 4786 1159 4865; x_wconf 89' lang='lat' dir='ltr'><strong>cujus</strong></span> <span class='ocrx_word' id='word_1_386' title='bbox 1190 4803 1355 4847; x_wconf 82' lang='lat' dir='ltr'><strong>connexus</strong></span> <span class='ocrx_word' id='word_1_387' title='bbox 1377 4804 1453 4847; x_wconf 91' lang='lat' dir='ltr'><strong>cum</strong></span> <span class='ocrx_word' id='word_1_388' title='bbox 1474 4785 1607 4850; x_wconf 86' lang='lat' dir='ltr'><strong>altera</strong></span> <span class='ocrx_word' id='word_1_389' title='bbox 1627 4806 1669 4850; x_wconf 87' lang='lat' dir='ltr'><strong>ex</strong></span> <span class='ocrx_word' id='word_1_390' title='bbox 1689 4785 1779 4852; x_wconf 84' lang='lat' dir='ltr'><strong>bisce</strong></span> <span class='ocrx_word' id='word_1_391' title='bbox 1799 4792 1910 4857; x_wconf 82' lang='lat' dir='ltr'><strong>verbis</strong></span> 
     </span>
    </p>
   </div>
   <div class='ocr_carea' id='block_1_5' title="bbox 189 4909 1505 5050">
    <p class='ocr_par' dir='ltr' id='par_1_10' title="bbox 189 4909 1505 5050">
     <span class='ocr_line' id='line_1_37' title="bbox 189 4909 1505 5050; baseline -0.015 -76"><span class='ocrx_word' id='word_1_392' title='bbox 189 4923 242 4975; x_wconf 88' lang='lat' dir='ltr'><strong>ter</strong></span> <span class='ocrx_word' id='word_1_393' title='bbox 263 4912 412 4996; x_wconf 88' lang='lat' dir='ltr'><strong>repetitis</strong></span> <span class='ocrx_word' id='word_1_394' title='bbox 433 4909 659 4996; x_wconf 84' lang='lat' dir='ltr'><strong>cognoscitur:</strong></span> <span class='ocrx_word' id='word_1_395' title='bbox 1461 4988 1505 5050; x_wconf 55' lang='grc'><strong>2*</strong></span> 
     </span>
    </p>
   </div>
   <div class='ocr_carea' id='block_1_6' title="bbox 0 0 2203 5754">
    <p class='ocr_par' dir='ltr' id='par_1_11' title="bbox 0 0 2203 5754">
     <span class='ocr_line' id='line_1_38' title="bbox 0 0 2203 5754; baseline 0 0"><span class='ocrx_word' id='word_1_396' title='bbox 0 0 2203 5754; x_wconf 95' lang='lat' dir='ltr'><strong> </strong></span> 
     </span>
    </p>
   </div>
  </div>
 </body>
</html>
