4364 5754
219 2018 238 2035 ·=
300 1983 304 1990 '
656 1858 915 2033 P..·r‚a,
984 1889 1049 2029 Βξ
1105 1888 1398 2047 ,mamam-l
1446 1889 1525 1970 '¹⁰'
1584 1992 1590 2010 ,.
1659 1964 1686 2001 ss
1868 1973 1894 2009 ·,

385 2430 515 2561 Post
538 2483 687 2560 tabulas
699 2483 880 2584 Iguvinas
906 2510 1036 2562 omnes
1062 2511 1151 2565 cum
1165 2480 1487 2582 inscriptionibus
1510 2479 1726 2560 minoribus
1750 2483 1957 2580 explicatas

223 2659 284 2710 res
308 2637 352 2711 in
375 2634 537 2735 singulis
561 2636 762 2736 particulis
787 2645 966 2711 tractatas
991 2635 1206 2712 summatim
1230 2634 1460 2734 repetendas
1484 2633 1637 2734 putavi,
1662 2642 1809 2710 utnon
1833 2637 1957 2713 solum

224 2799 451 2887 appareret,
489 2789 586 2886 quid
611 2811 660 2862 ex
684 2787 857 2863 enodatis
883 2787 1060 2864 Umbrici
1085 2790 1270 2864 sermonis
1295 2785 1471 2886 reliquiis
1496 2785 1538 2861 in
1561 2811 1694 2862 rerum
1719 2785 1957 2886 antiquitatis

224 2939 361 3015 notitia
384 2938 526 3014 lucrati
550 2938 685 3035 simus,
719 2966 855 3018 verum
879 2938 994 3016 etiam
1019 2940 1202 3016 nonnulla
1226 2966 1379 3035 eorum,
1412 2964 1510 3040 quae
1535 2939 1577 3014 in
1600 2938 1771 3015 medium
1795 2941 1956 3041 protuli,

222 3093 287 3170 vel
314 3093 605 3190 corrigerentur
629 3093 694 3170 vel
716 3092 836 3192 magis
848 3093 1104 3171 firmarentur.
1137 3092 1369 3192 Inlguvinis
1394 3091 1551 3192 quidem
1575 3091 1717 3169 tabulis
1741 3117 1803 3169 res
1827 3118 1958 3170 sacrae

224 3221 438 3344 praecipue
462 3245 721 3341 continentur,
747 3248 817 3322 sed
840 3272 890 3321 ne
914 3246 981 3321 illa
1006 3247 1084 3322 sola
1097 3256 1329 3346 repeterem,
1354 3269 1453 3345 quae
1478 3244 1529 3320 de
1553 3241 1832 3321 hismemorata
1855 3255 1957 3340 sunt,

225 3398 276 3473 de
301 3378 485 3473 sermonis
513 3397 688 3474 Umbrici
712 3397 845 3474 indole
869 3399 984 3498 plura
1008 3399 1164 3493 addidi,
1199 3424 1365 3500 quorum
1389 3421 1562 3498 magnam
1592 3405 1743 3498 partem
1768 3399 1957 3476 adfinem

225 3550 342 3648 hujus
367 3549 498 3648 operis
522 3575 770 3629 reservatam.
822 3551 999 3628 Pertinet
1023 3551 1073 3626 ad
1097 3576 1142 3626 ea
1167 3550 1381 3653 particulae
1404 3551 1521 3650 hujus
1547 3549 1765 3639 exordium,
1802 3576 1881 3651 quo
1906 3551 1958 3626 de

226 3700 459 3778 Umbrorum
484 3704 640 3779 nomine
664 3713 704 3780 et
729 3702 900 3803 origine,
935 3730 1034 3805 quae
1059 3702 1236 3798 sentiam,
1272 3661 1371 3796 diri,
1411 3712 1455 3776 ut
1479 3701 1662 3778 nonnulla
1685 3701 1810 3777 saltim
1834 3702 1885 3778 de
1907 3700 1957 3778 iis

226 3856 444 3955 eloquerer,
471 3855 613 3955 quibus
638 3855 817 3933 innititur
840 3872 923 3932 mea
948 3856 999 3931 de
1013 3817 1155 3932 reteris
1180 3853 1314 3933 ltaliae
1337 3851 1480 3952 linguis
1506 3879 1550 3928 ac
1575 3853 1732 3952 populis
1757 3854 1957 3951 sententia,

226 3978 267 4079 in
291 4005 357 4080 illa
382 4007 620 4106 praelatione
644 4007 815 4105 prolata,
842 4033 917 4106 qna
941 3999 1029 4083 ante
1053 4009 1201 4107 aliquot
1225 4031 1341 4082 annos
1367 4004 1739 4082 dissertatiunculam
1768 4032 1957 4084 commen·

227 4160 330 4251 davi,
356 4184 469 4259 quam
494 4159 564 4233 Dr.
590 4157 759 4234 lacobus
784 4159 939 4259 Henop,
972 4160 1113 4236 acerbo
1132 4163 1230 4235 ‚sato
1265 4157 1377 4234 nimis
1402 4169 1549 4233 mature
1574 4157 1686 4234 nobis
1710 4169 1881 4260 ereptus,
1907 4161 1958 4236 de

226 4312 359 4409 lingua
372 4308 514 4386 Sabina
538 4311 755 4411 scripserat.
790 4312 878 4387 Etsi
901 4338 979 4388 non
1004 4338 1132 4413 spero,
1160 4311 1336 4388 omnibus
1362 4312 1571 4411 probatum
1593 4312 1658 4406 iri,
1683 4338 1782 4414 quae
1806 4312 1956 4406 dixero,

226 4489 353 4563 neque
379 4466 615 4562 persuadere
640 4463 723 4541 aliis
749 4465 899 4560 studeo,
934 4476 979 4540 ut
1003 4466 1136 4541 eadem
1163 4464 1345 4565 probent,
1371 4490 1470 4565 quae
1494 4463 1590 4542 mihi
1615 4463 1841 4560 arriserunt,
1879 4465 1957 4540 hoc

228 4627 352 4692 tamen
377 4642 455 4692 non
468 4616 643 4717 impedit,
669 4616 883 4718 quominus
908 4617 1133 4693 sententiam
1155 4642 1280 4694 meam
1297 4618 1479 4716 aperiam,
1505 4643 1619 4718 quam
1643 4615 1812 4716 quidem,
1838 4642 1957 4717 quum

227 4768 269 4841 in
292 4768 369 4844 hoc
393 4770 480 4868 ipso
517 4795 639 4869 opere
664 4770 804 4869 passim
834 4771 1081 4865 mutaverim,
1121 4795 1220 4869 quae
1245 4770 1369 4846 minus
1404 4770 1504 4846 bene
1530 4777 1640 4844 antea
1672 4794 1955 4870 perspexeram,

229 4919 261 4994 si
286 4919 371 5018 quis
395 4922 554 4999 meliora
578 4923 767 5023 proferat,
792 4948 870 4999 non
896 4923 1086 5000 obstinate
1112 4923 1324 5000 delendam.
1372 4920 1555 4999 ceterum
1578 4922 1654 4998 hoc
1678 4947 1793 4998 nemo
1817 4921 1955 5002 infitias

1665 5101 1712 5168 1*
