4364 5754
1029 535 1238 601 -14..

266 708 355 794 quod
384 728 426 772 ex
446 706 618 773 veteribus
640 704 777 770 Catonia
808 704 907 768 libris
938 704 1152 769 manifestum
1173 704 1234 781 ait,
1266 703 1383 766 eliaam
1403 703 1536 767 literam
1555 723 1585 771 m
1605 723 1681 768 cum
1703 703 1786 767 elisa
1807 703 1907 766 litera
1923 721 1942 767 a
1958 703 2003 781 ,in

265 845 403 892 amaro
424 845 487 910 pro
508 826 663 887 amaris
693 825 749 888 vel
776 823 943 886 similibus
965 841 1174 905 comparasse
1194 819 1347 886 videtur:
1380 824 1577 888 conferatur
1598 825 1710 890 Quint
1742 821 1803 901 lX,
1823 823 1856 900 4,
1877 819 1920 887 38
1940 840 2003 904 aq,

266 946 327 1009 ubi
352 949 421 1024 jam
452 951 650 1027 propterea,
693 939 782 1026 quod
808 960 907 1003 nemo
937 938 1005 1003 die
1037 941 1116 1003 bac
1137 960 1200 1024 pro
1232 940 1308 1002 hoc
1340 937 1407 1004 die
1428 942 1500 1004 aive
1531 939 1656 1005 bodie
1689 939 1842 1004 dicturus
1873 940 2005 1012 inuret,

233 1100 238 1115 ·
267 1063 382 1141 dice,
405 1063 534 1140 facie,
555 1080 619 1143 pro
642 1059 735 1123 dieo
755 1059 861 1121 hanc
880 1058 1059 1144 legendum
1080 1066 1140 1123 est.
1192 1058 1242 1120 Ex
1261 1058 1325 1120 boc
1344 1059 1430 1138 loco,
1453 1061 1511 1143 qui
1531 1067 1624 1124 totns
1643 1056 1791 1122 abundat
1816 1056 1931 1133 vitiis,
1965 1074 2007 1119 aa

267 1182 395 1259 saltim,
431 1198 515 1262 quae
544 1178 611 1240 buc
643 1179 787 1240 maxime
814 1178 1003 1259 pertinent,
1036 1177 1065 1260 ᾗ.
1087 1177 1139 1243 39.
1162 1174 1337 1240 emendata
1357 1179 1514 1260 proferre
1533 1178 1647 1240 liceatr
1681 1174 1782 1241 »Inde
1802 1163 1942 1257 palmi'
1966 1181 2008 1235 et

267 1297 458 1362 crinibus
490 1293 572 1368 (Cic.
597 1293 655 1358 Or.
676 1296 763 1371 45·)‚
786 1293 1081 1378 po'meridiem
1113 1293 1198 1371 (Cic.
1232 1293 1291 1357 On.
1312 1293 1397 1373 ltu
1418 1303 1453 1358 et
1482 1295 1544 1359 illa
1563 1292 1721 1360 Censorii
1739 1291 1875 1357 Catonis
1896 1290 2007 1370 dice,

267 1418 391 1493 facie,
425 1434 528 1498 aeque
548 1433 576 1477 m
598 1413 698 1475 litera
719 1414 756 1475 in
775 1411 844 1475 line
864 1414 1007 1477 mollitas
1040 1432 1125 1496 quae
1153 1414 1189 1474 iu
1215 1413 1388 1478 veteribus
1409 1415 1504 1477 librls
1534 1422 1671 1496 reperta
1700 1419 1833 1476 suntme
1856 1409 2009 1493 imperiti

267 1536 394 1613 solent,
426 1541 461 1595 et
486 1530 565 1593 dum
595 1531 814 1595 librariorum
843 1532 1003 1595 insectari
1022 1530 1141 1594 volunt
1159 1530 1380 1610 inscientiam,
1402 1550 1497 1595 suam
1517 1530 1753 1595 confitentum«

433 1653 464 1715 7.
505 1650 575 1711 Etsi
595 1668 624 1711 m
645 1649 745 1711 litere
766 1649 802 1710 iu
831 1647 1106 1732 inscriptionibus
1137 1667 1240 1731 supra
1269 1647 1415 1714 laudatis
1447 1652 1550 1715 etiam
1575 1657 1653 1712 ante
1680 1654 1901 1713 consonantes
1928 1645 2011 1708 elisa

267 1772 404 1858 legitur,
427 1776 462 1831 et
472 1768 586 1831 Festus
609 1786 712 1849 aeque
724 1765 907 1831 acNonius
927 1785 960 1848 p.
972 1770 1025 1832 49.
1037 1763 1088 1828 ed.
1101 1764 1210 1830 Merc.
1232 1767 1269 1827 iu
1290 1765 1530 1832 dierectum
1550 1768 1778 1831 accusativum
1794 1763 1884 1828 diam
1903 1763 2011 1835 latere

176 1893 181 1899 '
270 1895 451 1973 putarunt3
481 1904 651 1968 nunquam
683 1892 795 1947 tamen
824 1881 957 1945 dicem
978 1891 1076 1967 atquo
1096 1884 1220 1947 similia
1239 1883 1366 1946 Futura
1386 1880 1513 1963 (nuilus
1533 1887 1623 1949 enim
1645 1883 1781 1964 dubito,
1802 1880 1899 1945 dice
1918 1877 2010 1964 apud

270 2005 429 2071 Catonem
450 2001 540 2067 idem
561 2003 781 2090 significasse,
803 1999 891 2085 quod
918 2000 1066 2064 dicabo
1094 2000 1183 2084 apud
1202 2002 1353 2067 Nonium
1373 2023 1406 2087 p.
1427 2005 1502 2073 507.
1525 2003 1576 2069 ed.
1598 2002 1727 2083 Mare,
1755 2000 1907 2084 quamvis
1927 2000 2011 2063 mn·

269 2124 469 2202 demaunns,
491 2130 583 2184 recte
604 2118 739 2203 quidem
759 2119 956 2202 vituperans
978 2137 1052 2197 coa,
1073 2120 1131 2202 qui
1150 2118 1238 2184 dice
1258 2140 1323 2203 pro
1343 2118 1413 2183 dic
1433 2123 1580 2206 positum
1599 2121 1784 2201 malebant,
1818 2120 1953 2181 Festum
1974 2115 2012 2182 id

270 2243 384 2307 dicere
402 2241 546 2304 voluisse
569 2239 743 2321 opinetur,
765 2235 882 2300 dicia
903 2236 1068 2299 vocabulo
1087 2245 1221 2302 veteres
1242 2257 1320 2301 usos
1339 2239 1441 2302 fuisse
1462 2258 1526 2321 pro
1547 2237 1645 2303 dica
1664 2240 1737 2305 aive
1757 2232 1868 2320 δίκη)
1888 2239 1926 2299 in
1945 2254 2012 2299 usu

269 2363 373 2427 tuisse
395 2360 568 2422 existimo:
596 2375 673 2418 nam
695 2353 783 2438 apud
803 2355 959 2418 Plautum
979 2355 1073 2420 Asin.
1094 2353 1159 2435 111,
1178 2356 1211 2434 3,
1233 2357 1318 2434 1³6,
1340 2357 1400 2419 ubi
1418 2357 1575 2440 Lipsius,
1604 2359 1724 2444 pignus
1744 2356 1782 2447 in
1803 2374 1919 2419 omnes
1940 2356 2012 2417 ior·

269 2490 368 2544 tunes
389 2497 465 2541 suas
486 2473 567 2537 dare
587 2481 742 2556 paratus,
774 2492 837 2557 pro
859 2472 1009 2551 facile,
1052 2470 1140 2555 quod
1161 2474 1197 2535 in
1217 2472 1361 2561 vulgatis
1382 2482 1473 2554 erat,
1507 2475 1654 2538 faciam
1681 2471 1889 2550 emendavit,
1921 2490 2012 2534 nuuc

272 2595 467 2662 »animosis
489 2592 683 2655 bonoface:
706 2597 882 2673 exoptato
904 2589 1110 2677 obtingente
1133 2589 1272 2677 legitur.
1314 2589 1457 2697 Romani
1470 2594 1596 2675 potius,
1616 2591 1875 2655 consonantibus
1891 2590 2014 2654 verbo·
2052 2684 2057 2699 Ι

268 2734 348 2777 rum
368 2711 519 2790 dicam,
546 2709 763 2789 dixerunt,
797 2707 960 2772 diceris
980 2715 1044 2772 eet.
1072 2708 1108 2771 iu
1128 2707 1197 2770 fine
1217 2707 1374 2790 abjectis,
1401 2711 1551 2773 vocalem
1570 2709 1822 2774 antecedentem
1842 2710 1879 2770 in
1899 2727 1919 2771 e
1939 2726 2013 2771 mu·

271 2838 400 2906 terunt,
425 2830 513 2889 sicut
532 2829 568 2888 in
589 2836 723 2889 macte
745 2845 808 2909 pro
829 2834 1008 2897 mactus,
1030 2824 1109 2887 ille
1132 2811 1194 2908 pro
1216 2826 1333 2905 ollua,
1354 2848 1467 2916 mage
1488 2847 1552 2912 pro
1573 2830 1724 2915 magis,
1745 2836 1842 2911 pote
1861 2845 1925 2909 pro
1947 2844 2015 2908 po·

271 2949 340 3010 tis.
391 2944 482 3007 Hinc
502 2942 773 3021 Lindemannus,
804 2944 862 3024 qui
883 2962 946 3024 pro
968 2941 1062 3003 Pauli
1083 2942 1224 3006 Diaconi
1248 2941 1445 3023 naddues,
1479 2944 1668 3012 addideristt
1691 2966 1713 3010 e
1730 2947 1801 3010 sola
1821 2947 2014 3026 conjectura

273 3063 320 3128 ad
330 3063 423 3127 duis
438 3060 602 3134 ediderat,
624 3080 712 3123 novo
728 3057 870 3143 quodam
886 3078 1005 3123 errore
1019 3061 1209 3122 annotavit:
1233 3058 1423 3125 »Nollemua
1437 3072 1604 3128 mutatum
1620 3063 1783 3130 adduas
1799 3065 1837 3126 in
1850 3061 2015 3127 adduisa

273 3182 352 3245 fleri
372 3182 462 3245 anim
483 3181 611 3262 potuit,
633 3187 674 3241 ut
693 3175 870 3241 adduem
892 3198 954 3261 pro
976 3175 1146 3240 adduim
1166 3176 1319 3241 dicarant
1339 3180 1487 3263 antiqui3
1508 3189 1619 3265 potest
1640 3184 1741 3245 ctiam
1761 3179 1932 3245 adduam
1943 3198 2016 3245 esee

274 3303 445 3373 futurum,
467 3296 633 3360 adduim
653 3297 918 3375 conjunctivus«
962 3293 1129 3359 Addues
1150 3299 1303 3359 futurum
1335 3306 1386 3360 eat
1416 3299 1458 3360 ab
1489 3296 1625 3362 adduc
1657 3301 1730 3364 sive
1760 3295 1948 3375 adduam,
1979 3299 2016 3360 in

273 3417 487 3497 subjunctivo
508 3435 591 3479 vero
612 3413 783 3477 adduim
804 3421 990 3494 posuerunt
1009 3415 1150 3497 antiqui,
1172 3433 1341 3498 nunquam
1360 3412 1546 3490 adduem,
1566 3418 1645 3500 quia
1665 3420 1797 3481 laxem
1817 3414 1911 3479 aliud
1931 3424 2017 3479 tem·

275 3556 339 3621 pua
360 3545 411 3598 est
431 3552 528 3618 quam
550 3533 690 3597 faxim.
731 3529 787 3594 Sic
809 3527 893 3592 Cato
915 3530 952 3594 R.
974 3529 1012 3595 lt
1035 3531 1106 3594 141.
1130 3529 1220 3594 duis
1240 3531 1388 3595 bonam
1409 3535 1584 3599 salutem
1604 3537 1757 3619 scripsit,
1783 3536 1933 3598 annuit
1953 3554 2018 3617 pro

264 3647 430 3718 'annuat
452 3649 603 3713 Catullus
626 3658 688 3715 cet.
711 3647 781 3712 vid.
805 3647 920 3710 Struv.
948 3646 989 3710 de
1010 3648 1213 3711 Latinorum
1238 3646 1464 3716 declinatione
1493 3661 1529 3716 et
1549 3656 1785 3741 conjugatione
1804 3672 1880 3742 pag.
1903 3654 1966 3718 146
1984 3661 2020 3717 et

274 3774 335 3835 202
357 3793 403 3855 aq.
445 3769 604 3834 Quamvis
626 3786 726 3850 saepe
746 3767 895 3847 antiqui,
928 3774 1094 3850 utsupra
1118 3764 1281 3844 vidimus,
1314 3771 1447 3833 vocales
1469 3791 1486 3834 e
1511 3779 1546 3834 et
1566 3774 1580 3835 i
1600 3773 1692 3836 inter
1719 3791 1756 3837 se
1774 3777 2018 3855 permutarent,

277 3888 343 3951 hoc
363 3896 476 3949 nmen
496 3906 564 3949 non
585 3905 689 3970 aeque
710 3883 876 3948 faciebant
895 3885 932 3946 iu
952 3885 1083 3972 longis,
1104 3893 1202 3967 atque
1222 3885 1259 3947 in
1280 3886 1438 3952 brevibus
1459 3889 1648 3953 vocalibua=
1671 3890 1745 3953 sim
1766 3854 1880 3973 potius
1902 3888 2020 3951 dilata·

153 4040 162 4057 ·
276 4006 358 4068 bant
389 4005 425 4065 in
446 4005 571 4084 siem,
603 4012 638 4068 et
658 4003 747 4067 dem
768 4022 836 4065 non
857 4012 925 4066 tam
946 4023 987 4066 ex
1007 4001 1117 4067 duim
1140 4022 1239 4084 quam
1261 4021 1300 4065 ex
1322 4003 1431 4069 daim
1450 4007 1704 4072 contrahebant.
1756 4005 1824 4071 Sed
1840 4005 2019 4095 'redeamus

277 4122 320 4186 ad
341 4119 546 4184 Umbrorum
574 4141 673 4184 usum
700 4122 736 4182 in
758 4121 935 4185 literarum
955 4121 1277 4204 permutationibus,
1316 4142 1396 4207 quas
1417 4124 1623 4191 recensendo
1652 4126 1754 4189 simul
1774 4126 1924 4191 valorem
1946 4126 2020 4187 lite·

277 4259 394 4303 rarum
415 4235 642 4301 enodabimus.

443 4354 475 4420 8.
518 4354 704 4418 Voceles
725 4352 845 4419 Umbri
866 4359 1010 4440 quinque
1029 4357 1220 4420 babuerunt
1239 4379 1279 4435 o,
1301 4376 1335 4435 a,
1357 4361 1387 4438 i,
1409 4380 1444 4440 c,
1467 4341 1499 4437 a,
1521 4378 1662 4443 quarum
1683 4358 1765 4425 duaa
1785 4379 1870 4426 vero
1889 4367 2021 4445 postre-

278 4493 348 4539 mas
370 4472 520 4536 Tuscum
546 4469 716 4535 scribendi
736 4492 841 4557 genus
860 4466 937 4536 'uon'
952 4472 1178 4539 discernebat:
1199 4473 1289 4538 unde
1310 4475 1500 4541 Priscianus
1521 4477 1547 4539 Ι.
1568 4497 1601 4560 p.
1623 4478 1695 4545 548.
1739 4479 1789 4547 »0
1809 4479 1937 4560 aliquot
1957 4477 2022 4539 lta·

277 4594 345 4658 liae
365 4593 537 4668 civitates,
558 4592 625 4670 ait,
646 4596 732 4653 teste
753 4589 881 4663 Plinio,
903 4611 970 4655 non
991 4591 1173 4671 habebant,
1194 4592 1252 4657 sed
1271 4593 1348 4657 loco
1369 4601 1443 4678 ejus
1463 4596 1632 4681 ponebant
1656 4597 1701 4678 U,
1730 4605 1765 4661 et
1784 4598 1928 4659 maxime
1941 4592 2021 4655 Um-

278 4711 335 4775 bri
354 4721 389 4776 et
408 4709 543 4773 Tuscu«
588 4709 740 4773 Quocum
760 4709 790 4771 si
813 4728 1053 4793 comparemus,
1077 4711 1164 4794 quod
1185 4710 1301 4775 Velius
1321 4713 1460 4804 Longus
1481 4735 1514 4798 p.
1535 4715 1628 4781 2216.
1650 4716 1800 4799 scripsitc
1823 4710 1940 4796 »Apud
1960 4731 2021 4775 nos

281 4847 411 4913 quoque
432 4825 613 4893 ostendunt
634 4826 782 4908 antiqui,
804 4828 882 4911 quia
901 4848 1004 4912 aeque
1025 4831 1179 4894 confusas
1201 4829 1316 4897 literas
1336 4852 1357 4897 o
1377 4842 1412 4896 et
1431 4852 1455 4897 o
1473 4832 1638 4899 habuere:
1669 4851 1748 4897 uam
1768 4832 1916 4898 consol
1937 4834 2020 4896 scri-
