4364 5754
963 598 1209 663 ..13-

221 763 343 847 inferio
363 773 453 844 esto,
465 764 509 829 ci.
532 759 628 826 Serv.
650 758 694 824 ad
715 759 814 850 Virg'.
838 759 878 827 A.
899 757 962 841 IX,
973 763 1058 840 etl,
1080 780 1145 846 qua
1165 757 1347 824 secundum
1367 759 1565 825 Trebatium
1585 737 1673 847 apud
1692 761 1817 825 Arnob.
1840 771 1946 826 contr.

222 893 310 972 gent
320 881 399 961 Vll,
411 882 568 969 papate.
593 878 643 944 ed
665 879 814 946 Elmenb.
836 879 1041 947 lustrabatur
1062 882 1155 964 quasi
1175 890 1246 943 tota
1266 878 1444 958 vindemia,
1459 901 1528 944 nne
1547 882 1664 944 vinnm
1684 899 1782 943 omne
1803 883 1949 956 omnino,

164 1072 166 1075 ,
223 998 334 1083 squod
354 1002 396 1062 in
412 999 508 1062 cellis
529 1010 629 1083 atque
649 997 820 1086 apothecis
842 1007 927 1061 essct
947 996 1133 1078 conditum,
1163 1018 1231 1062 esse
1252 1018 1383 1061 sacrum
1404 1000 1566 1084 inciperet
1587 1009 1621 1063 et
1647 1019 1687 1062 ex
1708 999 1821 1061 usibus
1841 1000 1950 1083 eripe·

225 1127 340 1183 »retur
360 1119 523 1181 humanis.
566 1113 690 1212 Addito
712 1135 812 1204 ergo,
847 1117 958 1198 inquit
977 1115 1172 1190 Trebatius,
1205 1117 1266 1181 ltoc
1285 1117 1400 1196 verbo,
1430 1102 1527 1181 solum
1548 1126 1636 1197 erat,
1658 1118 1744 1201 quod
1763 1117 1950 1195 inferretur,

196 1239 384 1315 ‘ssaarum,
413 1255 472 1299 nec
486 1272 489 1279 ‹
502 1235 658 1320 religione
688 1233 900 1317 obligabatur
928 1243 1092 1297 ceterum«.
1140 1231 1251 1322 Ιεριες
1278 1236 1483 1316 satisfeceris
1509 1256 1577 1298 esse
1604 1233 1819 1315 vertendum,
1851 1234 1951 1296 facile

222 1354 422 1437 probabitur
443 1372 485 1415 cx
505 1356 564 1428 iis,
593 1355 733 1438 quaein
754 1351 920 1437 particula
939 1351 1000 1430 111,
1020 1354 1051 1436 ξ.
1074 1356 1105 1419 3.
1126 1357 1259 1433 monui3
1292 1353 1406 1417 sedin
1427 1355 1544 1439 populi
1566 1354 1769 1438 expiatione,
1790 1351 1952 1435 adquam

172 1455 179 1466 ’
222 1471 688 1556 εροοῑαηῐιεςιιοηιίυοώα
709 1470 874 1550 1V,a,1t.
907 1466 969 1555 πιῤ
990 1471 1136 1553 claruere
1157 1492 1298 1547 anans,
1318 1472 1350 1536 b.
1374 1492 1400 1535 e.
1422 1474 1553 1555 piamen
1575 1492 1650 1534 cum
1672 1472 1824 1533 ovatione
1845 1473 1952 1532 inten-

222 1587 315 1669 dito,
343 1590 482 1652 maximi
510 1592 669 1652 momenti
690 1591 790 1651 fuisse
809 1584 1019 1671 ndssansag
1046 1591 1118 1654 sive
1138 1593 1343 1669 suffimenta,
1371 1590 1476 1652 verba
1503 1598 1578 1650 aute
1604 1609 1728 1651 nonum
1754 1589 1952 1650 sacrificium

222 1706 288 1787 IV,
301 1728 331 1786 a,
344 1710 392 1774 13.
416 1709 560 1791 repetita
581 1705 717 1770 docent:
750 1703 896 1791 adolens
915 1707 983 1772 Fac
998 1703 1081 1787 ζιμε
1102 1727 1200 1771 saara
1220 1703 1444 1791 ndsraFarag,
1472 1724 1534 1790 pro
1556 1706 1674 1788 quibus
1702 1709 1737 1767 in
1757 1706 1823 1767 line
1843 1714 1953 1767 sextae

223 1825 357 1889 tabulae
378 1827 540 1910 scriptum
561 1836 627 1889 est:
657 1823 787 1906 erafont
807 1827 862 1890 nia
879 1844 963 1906 pora
985 1823 1113 1890 benuso.
1157 1823 1196 1886 In
1216 1824 1267 1885 his
1289 1821 1434 1908 edolare
1455 1833 1489 1886 et
1510 1821 1640 1904 erafont
1661 1821 1818 1886 adverbia
1838 1831 1954 1884 sunta
2069 1882 2072 1888 ,

224 1946 421 2028 pronomine
441 1964 518 2006 arur
537 1942 688 2007 derivata
708 1953 808 2026 atque
835 1943 965 2005 Latinis
993 1940 1159 2005 adverbiis
1179 1945 1229 2007 ita
1256 1953 1290 2006 et
1316 1946 1425 2025 itaque
1451 1941 1716 2027 respondentias
1735 1940 1814 2002 hinc
1844 1950 1955 2002 autem

224 2071 439 2146 praeceptum
459 2063 527 2126 Fau
548 2080 647 2124 asara
668 2056 887 2144 npsvafawg,
908 2081 934 2126 s.
947 2060 1025 2124 bene
1045 2063 1174 2144 agitate
1193 2058 1395 2142 suffimenta,
1418 2062 1639 2123 enuntiationi
1650 2063 1704 2123 oia
1722 2079 1805 2140 pora
1825 2057 1953 2135 benuso,

223 2201 249 2244 s.
273 2180 350 2244 bene
370 2181 443 2262 igni
464 2181 590 2260 operati
610 2181 721 2257 eritis,
750 2177 935 2263 respondet.
977 2178 1109 2242 Benuso
1139 2181 1227 2240 enim
1241 2214 1244 2218 Δ
1258 2177 1434 2241 secundam
1462 2198 1636 2263 personam
1664 2177 1803 2262 pluralis
1823 2175 1955 2237 numeri

225 2313 314 2376 esse,
335 2297 500 2382 singulari
523 2296 635 2360 benust
655 2297 717 2375 VI,
729 2317 760 2376 a,
772 2300 822 2363 53.
845 2317 870 2359 s.
891 2299 989 2378 βενθς
1010 2296 1056 2375 V,
1068 2295 1102 2376 b,
1115 2300 1165 2363 16.
1188 2296 1458 2381 respondentem,
1488 2293 1766 2380 quemadmodum
1788 2304 1956 2359 covortuso

225 2413 290 2487 VI,
302 2434 333 2488 a,
345 2418 395 2480 64.
417 2415 577 2502 singulari
599 2423 748 2478 cooortus
768 2413 848 2493 VII,
861 2417 955 2493 aas.
978 2435 1006 2480 s:
1027 2412 1201 2500 xsFeflsag
1241 2414 1303 2495 IV,
1316 2435 1346 2496 a,
1361 2420 1410 2481 ll.
1440 2414 1635 2498 respondet,
1663 2414 1846 2477 verborum
1878 2431 1955 2475 con·

225 2541 333 2596 textus
353 2529 496 2623 indicat:
518 2551 579 2594 cur
599 2541 710 2594 autem
730 2530 794 2594 boc
815 2533 955 2595 verbum
977 2536 1104 2614 operati
1122 2533 1255 2613 fueritis
1276 2543 1416 2608 vertam,
1438 2535 1608 2615 sequentia
1629 2529 1812 2621 docebunt·
1927 2553 1929 2557 ’

392 2655 423 2717 6.
466 2645 565 2714 Πένω
587 2670 612 2713 s.
634 2645 778 2730 στένομαι
798 2646 885 2732 apud
906 2650 1092 2712 Homerum
1121 2659 1220 2731 atque
1240 2646 1427 2711 Hesiodum
1454 2668 1521 2710 non
1548 2650 1656 2748 solum
1685 2647 1869 2724 laborandi,
1899 2644 1957 2708 scd

223 2771 357 2855 saepius
379 2769 479 2832 etiam
497 2768 687 2852 perficiendi
706 2769 777 2830 vim
796 2765 905 2827 habet.
949 2764 1008 2826 Sic
1028 2769 1063 2826 in
1079 2767 1123 2828 ΙΙ.
1136 2766 1161 2844 l,
1173 2768 1259 2844 318.,
1282 2765 1341 2826 ubi
1361 2785 1474 2827 sermo
1493 2776 1542 2829 est
1562 2765 1603 2829 de
1623 2776 1758 2850 peraeto
1780 2764 1955 2840 sacrificio,

223 2907 294 2969 quo
316 2885 437 2949 Graeci
459 2885 703 2960 lustrabantur,
725 2879 892 2963 nidorqua
911 2881 1094 2944 hostiarum
1115 2903 1190 2945 cum
1210 2885 1302 2962 fumo
1324 2886 1359 2944 in
1381 2884 1511 2947 coelum
1532 2885 1659 2962 abibat,
1681 2885 1823 2971 legitur:
1856 2870 1902 2958 lig
1923 2875 1981 2946 oi*

227 3001 287 3085 μὲν
307 3001 349 3068 τὰ
374 2999 512 3066 πένοντο
533 2997 615 3066 κατὰ
637 2991 792 3088 στρατόν,
825 2999 857 3066 h.
880 3020 909 3066 e.
938 3002 986 3062 sie
1008 3000 1044 3063 bi
1065 3021 1103 3063 ea
1124 3000 1239 3064 sedulo
1261 2981 1463 3090 peragebant
1488 3005 1523 3092 in
1545 3005 1672 3069 castris.
1715 3001 1806 3064 Idem
1833 3002 1957 3089 signifi-

225 3121 324 3184 cabat
344 3119 540 3184 Umbricnm
560 3118 701 3181 verbum
723 3117 813 3197 beno,
834 3116 922 3181 unde
942 3140 1037 3200 μενες
1059 3139 1186 3202 quoque
1208 3118 1269 3196 IV,
1282 3139 1311 3197 a,
1325 3120 1373 3183 15.
1396 3139 1459 3201 pro
1481 3118 1594 3184 benust
1614 3121 1781 3199 V1,a‚53.
1804 3090 1956 3182 derivan-

138 3315 141 3322 Δ
228 3236 309 3302 dum
325 3248 399 3303 ests
419 3238 498 3299 hinc
517 3237 737 3320 imperativus
758 3235 1012 3316 alaoenduVIl,
1024 3257 1054 3314 a,
1066 3239 1118 3301 17.
1139 3237 1194 3298 vel
1213 3235 1374 3317 prebenda
1391 3236 1470 3317 Vll,
1481 3257 1512 3316 a,
1527 3240 1588 3315 ll.,
1610 3258 1708 3319 quem
1729 3241 1764 3299 in
1785 3239 1957 3322 superiore

228 3357 395 3442 particula
414 3357 442 3439 ξ.
464 3357 516 3421 14.
539 3375 615 3417 cum
635 3355 766 3417 Latinis
787 3356 995 3439 imperativis
1015 3354 1182 3418 subvenito
1204 3365 1238 3417 et
1258 3359 1461 3436 supervenito
1481 3356 1537 3419 vel
1559 3354 1696 3418 Graecis
1725 3349 1904 3445 lepitana
1925 3363 1959 3419 et

224 3471 398 3556 περίβαινε
427 3475 636 3558 comparavi,
668 3475 780 3556 potius
809 3479 899 3535 cum·
913 3474 1122 3557 imperativis
1151 3465 1339 3562 ἅμῳιπένου
1367 3484 1400 3536 et
1424 3470 1602 3562 nepsnivov
1631 3472 1870 3560 comparandus
1899 3482 1956 3537 est

228 3589 318 3655 Nam
338 3591 485 3676 utapud
505 3590 692 3677 Arnobium
713 3590 788 3655 adv.
818 3601 906 3680 gent.
928 3591 989 3657 IV.
1012 3592 1169 3678 legimus:
1206 3592 1321 3654 »Flora
1327 3637 1338 3674 ,
1366 3593 1426 3654 illa
1447 3594 1593 3679 genitrix
1614 3603 1648 3658 et
1667 3604 1796 3670 sancta,
1812 3628 1861 3668 ‚—
1882 3591 1959 3652 bene

230 3719 336 3789 curat,
357 3720 396 3773 ut
415 3730 497 3775 arva
517 3712 707 3789 florescant,
729 3713 777 3773 sic
797 3711 976 3774 Homerus·
987 3711 1032 3774 ΙΙ.
1053 3709 1149 3788 XVI,
1159 3711 1210 3776 28.
1234 3705 1473 3786 cecinitrsodc
1492 3707 1552 3792 μέν
1571 3704 1598 3775 τ’
1614 3705 1722 3797 ἰητροὶ
1741 3701 1958 3795 πολυφάρμα-

227 3850 283 3894 κοι
303 3824 556 3918 ἀμφιπένονται,
586 3822 669 3895 ttss’
693 3821 902 3910 ἀκειόμενοι,
935 3827 968 3893 h.
991 3848 1019 3891 e.
1040 3837 1140 3911 atque
1172 3828 1231 3891 hos
1253 3821 1385 3912 qlsidem
1407 3828 1545 3908 medici,
1577 3829 1692 3890 multis
1713 3826 1959 3890 medicamentis

229 3949 302 4024 usi,
334 3957 456 4009 curant
473 3949 614 4011 vulnera
640 3957 800 4009 sanantes.
844 3945 890 4008 Ut
918 3948 1024 4033 igitur
1052 3946 1182 4026 erafont
1210 3949 1264 4010 via
1287 3967 1371 4029 pora
1399 3947 1517 4010 benuso
1545 3944 1635 4008 idem
1663 3947 1839 4032 significet,
1858 3930 1960 4028 ‘quod

227 4056 462 4144 adolarsllea
484 4062 561 4146 ζιμε
582 4083 680 4128 araca
701 4059 915 4147 ndtvaFaaac
934 4061 996 4143 IV,
1009 4085 1039 4142 a,
1050 4067 1114 4144 23,
1133 4084 1216 4146 pora
1239 4085 1302 4150 pro
1322 4061 1407 4152 neda
1427 4064 1489 4144 IV,
1509 4065 1619 4144 α,10.,
1640 4064 1673 4129 h.
1697 4066 1834 4151 aigne,
1856 4065 1961 4148 scrip·

229 4189 302 4242 tum
322 4178 505 4264 putandum
526 4189 593 4260 est,
614 4176 826 4264 ufsvalleinos
846 4201 928 4244 vero
948 4185 1137 4245 suffimenta
1159 4181 1331 4270 designare
1351 4192 1449 4265 atque
1472 4203 1574 4247 saaca
1591 4182 1826 4268 imperativum
1848 4181 1960 4266 plura-

230 4297 273 4363 lis
294 4300 427 4360 numeri
447 4316 509 4381 pro
530 4299 690 4386 singulari
711 4320 769 4364 aas
789 4320 815 4363 s.
839 4303 931 4383 agito
953 4319 1034 4378 essa,
1056 4301 1122 4379 jam
1143 4299 1341 4363 inseranda
1362 4302 1526 4386 particula
1546 4302 1576 4386 ξ.
1598 4305 1638 4368 31
1660 4323 1708 4384 sq.
1732 4298 1841 4365 docui.
1872 4302 1961 4380 Ζιμε

230 4434 333 4499 quum
349 4411 440 4495 *simo
460 4417 620 4500 seriptum
642 4418 686 4480 sit
705 4417 865 4497 V1,a,65
886 4427 920 4482 et
940 4416 1019 4497 VII,
1031 4438 1063 4498 a,
1076 4423 1119 4497 1.,
1141 4438 1234 4481 casus
1255 4419 1372 4482 localis
1394 4429 1443 4483 est
1463 4421 1624 4498 nominis,
1657 4417 1745 4481 idem
1766 4420 1837 4481 fere
1859 4418 1961 4504 signi·
2036 4389 2039 4397 ¹

229 4535 377 4613 sicanus,
407 4532 497 4618 quod
518 4535 579 4597 dur
600 4536 662 4615 Vl,
674 4556 703 4614 a,
715 4539 768 4601 50.
810 4534 889 4602 Dur
909 4546 1039 4615 antem,
1067 4534 1145 4614 Vll,
1159 4540 1251 4615 alo.
1274 4556 1338 4622 pro
1358 4559 1426 4626 τεῳ
1447 4537 1508 4617 IV,
1520 4559 1550 4617 a,
1562 4541 1614 4602 41.
1636 4539 1813 4619 seriptum,
1845 4554 1863 4597 e
1885 4553 1961 4595 casn

230 4652 477 4716 instrumentali
503 4648 593 4741 saflp
624 4653 854 4717 abbreviatum
885 4664 935 4718 est
965 4663 1065 4738 atque
1094 4654 1219 4719 turibus
1246 4655 1473 4735 vertendum,
1494 4652 1770 4740 quemadmodum
1783 4652 1893 4730 vIV,a,
1907 4624 1958 4715 10.

231 4763 329 4853 endec
350 4792 387 4835 ετ
406 4767 511 4854 aab,
539 4771 573 4837 b.
596 4791 624 4837 e.
647 4774 778 4836 turibus
800 4782 834 4836 et
853 4774 946 4860 igne,
975 4792 1038 4858 pro
1061 4793 1126 4837 corn
1145 4777 1311 4854 prinuatir
1334 4777 1480 4857 peractis
1506 4775 1611 4837 sacris
1631 4771 1691 4852 VI,
1706 4793 1736 4851 a,
1748 4776 1798 4838 56.
1824 4772 1958 4857 legitur.
2076 4761 2079 4764 ’

232 4885 324 4950 Hinc
336 4884 427 4953 *sino
448 4889 532 4957 mihi
552 4909 615 4976 pro
637 4889 753 4975 thymo
775 4891 828 4956 vel
844 4890 1067 4976 'thymiamate
1080 4893 1226 4976 positum
1238 4891 1389 4959 videtur:
1412 4903 1485 4958 crat
1506 4893 1594 4956 enim
1614 4889 1806 4974 thymiama,
1828 4880 1962 4972 θύματα
