4364 5754
958 550 1209 615 ...4-

221 713 308 809 ibit,
333 716 437 790 inter
460 712 591 807 multa,
615 737 714 812 quae
737 709 890 788 nonnisi
913 708 1141 788 hariolando
1166 711 1346 814 exputari
1369 721 1549 811 possunt,
1574 711 1742 812 plurima
1766 713 1823 792 sic
1847 740 1868 791 a
1892 741 1958 793 me

189 831 193 841 ⁴
223 891 306 944 esse
329 866 531 960 illustrata,
557 874 613 960 ut,
639 862 803 964 quaein
828 862 1156 964 tabulislguvinis
1181 863 1464 959 contineantur,
1490 866 1580 943 satis
1599 876 1795 966 appareat,
1819 892 1957 968 eaque,

224 1044 321 1120 quae
345 1018 551 1094 Bethamus
575 1016 618 1094 in
642 1016 834 1094 Hibernia
865 1041 993 1116 nuper
1024 1027 1226 1119 exputasse
1252 1015 1329 1095 sibi
1359 1017 1464 1095 visus
1497 1029 1577 1114 est,
1615 1044 1693 1096 non
1725 1018 1851 1096 minus
1881 1046 1959 1121 pro

185 1192 188 1197 ·
222 1197 329 1248 mero
354 1143 502 1271 ingenii
526 1172 616 1248 lusu
639 1169 816 1247 habenda
840 1167 929 1264 sint,
944 1194 1069 1284 *quam
1080 1168 1213 1271 priora
1239 1169 1444 1247 doctorum
1467 1168 1632 1248 inltalia
1656 1133 1830 1248 virorum
1840 1173 1961 1250 inter·

224 1322 406 1424 pretendi
433 1323 628 1424 pericula,
666 1323 718 1398 de
750 1320 891 1423 quibus
921 1289 995 1399 Dr.
1020 1322 1239 1422 Kaempfius
1264 1321 1305 1399 in
1342 1347 1414 1399 suo
1439 1320 1712 1400 Umbricorum
1749 1324 1960 1424 specimine

224 1475 352 1576 primo
377 1500 465 1575 pag.
492 1478 542 1570 8.,
581 1472 654 1551 etsi
679 1474 731 1550 de
755 1472 926 1550 certiore
950 1473 1114 1574 quadam
1138 1474 1460 1576 interpretatione
1483 1476 1581 1552 male
1606 1478 1829 1577 desperans,
1853 1489 1962 1555 recte

225 1637 352 1704 tamen
373 1586 586 1726 judicavit,
619 1652 687 1703 eos
710 1627 850 1727 majori
873 1625 1022 1727 patriae
1054 1626 1214 1704 caritate
1239 1654 1328 1706 usos
1353 1654 1455 1724 esse,
1489 1654 1602 1730 quam
1632 1628 1805 1708 veritatis
1831 1655 1961 1707 amore

227 1791 293 1857 aut
318 1790 427 1856 certe
450 1777 667 1879 sagacitate.
704 1779 885 1863 Quamvis
899 1780 1019 1856 multa
1043 1779 1172 1857 adhuc
1197 1781 1477 1878 obscurarint,
1501 1807 1601 1883 quae
1615 1782 1778 1860 aliorum
1802 1783 1962 1860 sortasse

83 1920 87 1925 ⁴
227 1931 411 2032 sagacitas
437 1932 599 2033 aperiet,
638 1933 785 2011 certius
810 1940 936 2009 tamen
955 1931 1037 2032 jam
1062 1931 1292 2033 perspicere
1316 1958 1537 2035 possumus,
1571 1960 1646 2034 qua
1670 1933 1964 2036 propinquitate

229 2086 514 2185 conjungantur
538 2085 682 2185 singuli
705 2086 851 2164 veteris
875 2083 1011 2164 Italiae
1034 2085 1184 2187 populi.
1292 2135 1293 2140 ,
1436 2078 1439 2086 ’
