4364 5754
214 777 391 852 secundae
415 774 560 848 tabulae

465 919 719 1012 wantsumii)
745 919 957 1012 Acamanta),
979 922 1149 1010 absconso
1171 926 1387 1008 cchoocetg3

459 1055 637 1142 τεταπεω)
657 1059 806 1141 lactura,
826 1056 991 1147 τρεφιπεῤ
1012 1061 1164 1140 Ιιεῖινας

214 1214 328 1277 totam
353 1168 551 1296 lgaoiaoio
574 1222 596 1270 a
620 1195 720 1272 triba
735 1195 900 1297 Ignotae
920 1223 996 1272 non
1021 1201 1138 1296 magis
1163 1198 1310 1273 differre
1323 1209 1504 1291 censeant,
1529 1221 1641 1295 quam
1657 1195 1802 1269 inolitos
1818 1219 1948 1268 rerum

214 1376 397 1427 sacrarum
421 1350 578 1423 arbitros
603 1374 624 1421 a
647 1350 835 1423 Fratribus
860 1351 1040 1426 Atiersiis.
1091 1353 1146 1425 Ne
1170 1355 1293 1425 tamen
1317 1354 1437 1425 versio
1462 1375 1545 1424 mea
1571 1350 1700 1423 eadem
1726 1350 1949 1422 obscuritate

146 1587 150 1594 ,
213 1507 407 1595 laboraret,
432 1526 505 1598 qua
529 1504 655 1598 ipsum
680 1503 821 1575 idioma
845 1502 1079 1596 Umbricum,
1105 1505 1245 1578 mutavi
1270 1505 1457 1577 interdum
1480 1506 1643 1594 nomina,
1668 1512 1711 1574 ut
1728 1497 1949 1575 Tudiaotem

214 1658 355 1759 tribum
380 1679 447 1751 pro
479 1652 676 1729 Tareiaote
701 1655 870 1747 dicerem,
906 1667 1013 1752 atque
1038 1658 1150 1728 etiam
1175 1653 1394 1731 Fontinalio
1418 1666 1456 1729 et
1479 1651 1685 1752 Robigalia
1709 1676 1809 1726 sacra
1833 1651 1949 1746 adeo

216 1821 351 1898 mrem,
387 1807 455 1880 etsi
481 1806 570 1879 haec
594 1806 692 1878 mihi
715 1808 885 1881 noudum
909 1809 1026 1904 magis
1051 1810 1202 1904 probata
1226 1819 1329 1899 sunt,
1368 1831 1480 1904 quam
1506 1803 1734 1896 Sementiva,
1760 1829 1852 1900 quae
1876 1827 1948 1898 pro

220 1958 348 2037 Traia
374 1955 521 2036 satam
545 1960 648 2054 prius
673 1983 892 2055 acceperam.
944 1958 987 2034 Si
1018 1929 1089 2057 qua
1122 1962 1232 2034 verba
1264 1960 1477 2033 communia
1508 1958 1684 2034 mutanda
1715 1956 1948 2047 videbantur,

216 2138 259 2187 ea
283 2134 429 2207 semper
454 2108 587 2205 eligere
621 2110 764 2201 studui,
803 2135 960 2206 quorum
993 2110 1053 2183 vel
1085 2113 1195 2184 flexio
1229 2111 1289 2184 vel
1322 2112 1542 2186 constructio
1576 2122 1653 2186 tam
1685 2109 1819 2182 similis
1850 2119 1949 2180 esset

215 2263 417 2355 Umbriae,
444 2274 485 2335 ut
510 2263 685 2335 vitaretur
709 2262 825 2334 nimia
849 2263 1050 2334 verborum
1075 2264 1240 2335 mutatio.
1280 2263 1343 2337 Sic
1366 2289 1435 2361 pro
1461 2289 1600 2336 emma
1625 2286 1742 2358 neque
1768 2259 1947 2335 οόετὶησίο

216 2413 337 2513 neum
359 2411 546 2490 ostendito
572 2410 715 2510 scripsi,
741 2415 805 2486 sed
830 2410 1032 2504 immolato,
1056 2426 1200 2488 utnon
1224 2414 1347 2488 solum
1373 2416 1502 2490 clarior
1514 2415 1618 2488 fieret
1641 2437 1725 2487 vera
1749 2415 1805 2484 vis
1830 2413 1949 2502 verbi,

216 2569 281 2651 sed
300 2562 428 2641 'simul
460 2561 702 2656 iudicaretur,
734 2576 990 2639 constructum
1025 2590 1111 2639 cum
1144 2590 1189 2640 eo
1222 2536 1491 2663 nomenatus
1523 2568 1600 2640 sive
1633 2569 1742 2660 αρΓιε
1771 2588 1845 2681 aon
1876 2588 1948 2657 pro

215 2722 421 2794 accusativo
446 2720 613 2792 neutrius
637 2720 798 2814 generis,
838 2718 922 2810 sed,
961 2720 1061 2801 sicut.
1080 2717 1257 2825 Latinum
1291 2719 1449 2815 amigo,
1485 2743 1553 2816 pro
1586 2718 1745 2792 ablativo
1774 2714 1948 2787 feminini

216 2873 360 2966 generis
383 2893 473 2942 esse*
489 2862 760 2965 accipiendum.
812 2869 923 2942 Haud
947 2893 1029 2943 raro
1055 2871 1207 2966 quidem
1232 2895 1368 2944 enasse
1392 2896 1455 2945 me
1486 2895 1560 2945 nou
1586 2894 1735 2965 negem3
1768 2834 1833 2941 soti
1856 2867 1949 2937 haec

217 3031 304 3100 sunt
328 3019 482 3111 delicta,
519 3021 656 3117 quibus
679 3022 820 3115 ignosci
845 3018 958 3093 velim
985 3032 1160 3118 tanquam
1183 3023 1357 3115 maculis,
1383 3048 1473 3121 quas
1497 3015 1560 3097 aut
1582 3021 1723 3096 incuria
1746 3020 1858 3111 fudit,
1884 3029 1950 3092 aut

217 3174 380 3248 humana
403 3169 536 3269 parum
561 3173 657 3248 cavit
680 3183 816 3247 namra.
