4364 5754
881 596 1126 699 ..¹27-

40 767 50 773 “
145 759 221 823 Ηοο
243 760 318 822 loeo
339 758 405 821 duo
427 768 654 822 memorantur
674 760 970 822 offerumentorum
981 776 1115 845 genera,
1136 774 1280 839 quorum
1292 758 1384 838 prius
1406 774 1467 840 pro
1485 775 1563 819 aros
1583 758 1679 836 Finis,
1701 763 1866 844 posterius
1931 829 1936 842 ‚

144 899 208 963 pro
229 887 300 942 tota
320 877 460 964 Iguvina
482 875 686 940 offerendum
706 879 780 941 fuit
820 873 872 938 Ad
893 879 988 961 prius
1008 861 1117 936 autem
1140 893 1242 961 genus
1262 871 1346 936 duae
1367 892 1420 936 res
1440 878 1618 956 pertinent,
1639 896 1732 963 μεφα
1753 889 1793 942 et.
1806 882 1867 946 Fa.

143 993 250 1076 στιζα,
271 1016 354 1080 quae
378 998 501 1061 wttuFt
520 998 591 1058 sive
610 996 721 1062 Ft'eooi
741 992 864 1059 Sansii
879 992 1216 1072 vl‚a‚5.v·11,a‚37.
1240 992 1313 1056 h.e.
1336 993 1576 1072 Fisooinoe'Vl,
1589 999 1660 1072 a‚9.
1675 980 1723 1064 ld.
1746 1017 1867 1061 vocam

147 1124 214 1193 tur,
236 1125 392 1197 unquam
412 1116 486 1176 Piso
507 1113 627 1176 Sancio
648 1117 816 1199 propriae.
849 1114 957 1200 Mspa
975 1116 1047 1174 sive
1065 1110 1149 1190 mesu
1170 1110 1335 1202 speson,
1348 1114 1418 1191 a,5.
1442 1113 1503 1174 libi
1524 1131 1631 1199 genus*
1647 1124 1707 1192 est,
1728 1115 1866 1198 Γεστιζα

146 1252 227 1295 vero
249 1235 320 1296 sive
340 1235 472 1296 oestisio
491 1230 573 1294 ibid.
597 1232 743 1294 libamen
765 1252 783 1294 e
805 1235 951 1294 victima.
994 1230 1148 1293 Alterum
1176 1233 1473 1293 offerumeutorum
1493 1250 1595 1317 genus
1615 1242 1744 1296 constat
1763 1232 1866 1324 καπιρ

146 1353 216 1414 sive
239 1352 334 1433 capis
352 1351 413 1429 VI,
426 1371 457 1428 a,
470 1352 518 1416 18.
541 1349 574 1413 h.
596 1369 625 1415 e.
648 1349 819 1434 capidibus
840 1347 961 1434 duplis,
990 1368 1130 1432 quaram
1151 1369 1218 1410 una
1238 1344 1380 1436 nupsero
1401 1351 1472 1412 sive
1490 1351 1623 1429 perdita
1644 1348 1866 1434 (consecrata),

143 1470 253 1532 altera
273 1466 378 1553 onuba
398 1471 468 1532 sive
486 1488 581 1532 saara
602 1466 736 1530 dicitur.
766 1467 863 1529 Prius
874 1467 960 1530 illud
981 1471 1277 1530 offerumentorum
1298 1487 1401 1554 genus
1421 1470 1457 1528 in
1477 1478 1569 1531 sexta
1583 1463 1702 1532 tabula
1713 1470 1773 1551 VI,
1782 1491 1813 1550 a,
1823 1476 1865 1552 5.,

146 1599 184 1650 ut
204 1608 267 1672 pro
289 1570 463 1649 arceFisia
483 1598 519 1651 et
538 1605 600 1670 pro
622 1586 992 1671 totalguuinaferatur,
1015 1589 1236 1670 praecipitur,
1258 1578 1319 1667 api
1338 1606 1415 1667 sopo
1424 1596 1537 1667 pastro
1556 1603 1742 1669 pepererunt
1764 1590 1866 1674 (post-

144 1725 238 1790 quam
258 1705 383 1786 sulfure
403 1716 435 1769 et
457 1706 607 1770 bitumine
625 1707 842 1788 purgaveris),
864 1702 1041 1787 etquidem
1062 1704 1178 1778 scolsie
1200 1707 1418 1786 conegossive
1439 1705 1528 1767 mola
1547 1707 1865 1792 saleucouspersum.

147 1824 191 1888 At
210 1827 340 1888 vestisia
361 1828 458 1888 vestis
478 1827 550 1886 sive
571 1814 877 1903 viscerutfflibamen
899 1827 1065 1887 victimans
1076 1822 1137 1903 vl,
1151 1844 1181 1902 a,
1200 1825 1230 1888 6.
1253 1842 1291 1886 ea
1312 1826 1443 1909 precari
1465 1824 1609 1903 jubetur,
1632 1826 1752 1908 quibus
1771 1831 1867 1912 prior

147 1943 398 2027 supplicationis
419 1962 496 2027 pars
518 1945 725 2004 continetur:
749 1940 867 2004 deinde
888 1944 923 2002 in
945 1962 1029 2026 pane
1051 1950 1085 2003 et
1104 1942 1188 2021 nefa
1208 1940 1303 2023 epefa
1314 1941 1377 2020 VI,
1391 1961 1421 2018 e,
1433 1943 1464 2006 9.
1487 1942 1635 2025 reliquae
1656 1947 1866 2030 praecipiun-

148 2071 205 2124 tur
225 2083 350 2144 preces,
373 2058 562 2146 parenthesi
583 2058 624 2122 de
645 2063 794 2146 auguriis
817 2062 875 2138 VI,
888 2066 979 2137 a‚ll.
1010 2062 1045 2121 in
1067 2060 1147 2122 duas
1174 2071 1284 2144 partes
1306 2059 1441 2125 divisae.
1483 2062 1599 2123 Finitis
1627 2064 1783 2147 precibus
1803 2064 1865 2144 VI,

147 2199 178 2255 a,
191 2182 240 2244 15.
262 2178 397 2242 additur
418 2177 463 2257 id,
486 2176 575 2261 quod
595 2177 780 2256 V11‚a‚38.
804 2179 917 2262 paullo
939 2180 1074 2242 brevius
1095 2172 1143 2240 sic
1163 2183 1336 2264 repetitur.

78 2383 82 2393 ι
187 2298 370 2377 vitate.
399 2297 558 2362 Vestistar
578 2317 651 2359 erus
713 2298 819 2360 dita:t
844 2317 923 2360 enno
946 2300 1088 2375 vestino,
1131 2298 1215 2376 mesu
1256 2298 1366 2380 spese:
1409 2317 1516 2380 sopetn
1534 2317 1663 2381 peronae
1702 2301 1867 2383 efurfatu:

229 2416 415 2478 Libamiuis
437 2417 694 2478 incantationem
709 2413 826 2478 dicito:
850 2415 926 2478 inde
947 2417 1116 2491 libamine,
1138 2437 1233 2477 maza
1254 2419 1373 2499 spissa:
1396 2416 1525 2476 sulfure
1546 2419 1582 2477 in
1602 2420 1686 2502 igne,
1699 2419 1866 2484 februato:

189 2534 374 2614 V11,a,39.
398 2535 496 2597 subru
516 2534 668 2615 spabunnt
687 2554 858 2596 —ennom
880 2536 1025 2610 conotta,
1048 2532 1405 2613 comatirpersnibinu:
1429 2533 1523 2614 capis
1559 2553 1653 2597 sacra
1715 2541 1793 2600 aito.

297 2697 299 2703 -
368 2655 535 2716 suffimine
556 2655 669 2713 suffito
690 2683 731 2694 -
751 2650 829 2711 indo
850 2651 1030 2728 cumulato,
1051 2652 1212 2713 submisse
1232 2659 1406 2733 precator:
1431 2649 1549 2733 capide
1568 2671 1663 2716 sacra
1683 2653 1797 2717 libato.

148 2772 188 2832 ln
208 2782 301 2834 sexta
320 2771 435 2834 tabula
456 2780 532 2831 ante
553 2770 705 2831 oestisiar
726 2777 769 2845 et,
799 2767 888 2851 qnod
908 2771 1053 2846 mireris,
1082 2771 1173 2830 inter
1200 2787 1273 2830 erus
1308 2767 1414 2831 dirstn
1441 2768 1546 2832 verba
1572 2771 1709 2834 scolseto
1738 2792 1868 2837 conecas

148 2895 273 2983 inserta
292 2898 381 2965 sunt,
413 2896 511 2969 atque
531 2889 664 2948 inverso
686 2883 805 2947 ordine
825 2886 919 2965 mesa,
952 2889 1084 2949 uestisia
1115 2889 1342 2969 praetoricia,
1372 2886 1457 2966 meso
1476 2863 1766 2974 spefa'soriptum:
1799 2901 1868 2954 tum

148 3019 224 3070 ante
246 3006 382 3069 cotttoltu
402 3024 523 3066 nomen
544 3024 630 3066 sense
651 3003 833 3081 (verbenis),
863 3015 961 3088 atque
981 3007 1071 3068 inter
1097 3005 1193 3085 capis
1208 3041 1249 3053 -
1271 3024 1366 3068 sacro
1390 3005 1516 3087 (dupla)
1543 3010 1625 3086 nitu,
1653 3008 1743 3091 quod
1770 3030 1888 3094 snpra-

77 3200 80 3207 *
148 3129 281 3190 monui:
302 3124 436 3206 perdita
457 3123 554 3202 dupla
575 3125 655 3186 aito.

312 3247 362 3311 28.
406 3241 442 3304 ln
463 3242 566 3302 sacris
588 3241 709 3302 Tefrae
730 3240 848 3303 Joviae
870 3249 985 3302 contra
1005 3240 1259 3304 lustramentum
1281 3239 1404 3324 duplex
1430 3242 1482 3304 hie
1502 3243 1614 3306 verbis
1646 3247 1869 3330 praecipitare

150 3361 364 3441 1V‚b‚28sq.
399 3357 480 3421 Ans
543 3359 666 3438 Ιαβινα
687 3353 853 3439 asbestus,
876 3353 984 3444 σερεμ
1003 3355 1169 3443 necanda
1191 3378 1292 3446 pers:
1315 3378 1410 3439 εσμικ
1431 3359 1599 3443 Εεστιζαμ
1618 3359 1730 3447 nban
1752 3383 1870 3455 φικτες

340 3475 513 3558 Postquam
533 3475 681 3558 agnabus
698 3478 874 3558 peregeris,
897 3478 985 3538 socio
1006 3475 1192 3540 lustramine
1212 3475 1336 3557 facito.-
1358 3481 1392 3542 in
1413 3497 1449 3541 eo
1471 3479 1619 3545 libamine
1635 3484 1728 3563 prius
1747 3482 1871 3562 facita:

151 3600 213 3677 lv,
226 3599 369 3678 b,29sq.
395 3592 503 3681 Τεφρι
543 3596 624 3660 1er
830 3613 925 3678 meas,
966 3590 1105 3680 θκριπεῤ
1130 3598 1243 3675 Onaso,
1264 3595 1409 3697 serensi
1430 3599 1585 3663 testare:
1648 3631 1651 3637 ·

398 3713 431 3780 T
428 3713 518 3794 afrae
537 3713 657 3781 Joatae
678 3712 799 3791 (rebus)
820 3713 937 3796 facito,
956 3733 1019 3794 pro
1040 3734 1114 3776 arce
1134 3714 1237 3793 Fisia,
1255 3723 1410 3795 prototo
1429 3715 1585 3797 Iguuinos

88 3890 90 3894 .
151 3839 214 3916 IV,
227 3838 368 3917 b‚3osq.
389 3854 549 3921 usurpans
569 3831 657 3916 nebo,
739 3829 860 3919 καπιρε
921 3827 1035 3916 naban
1075 3850 1182 3916 ustae.
1265 3831 1345 3896 Ans
1529 3829 1604 3921 abab
1706 3803 1906 3921 nabataea.

316 3953 360 4014 ad
381 3952 523 4014 dextram
544 3950 724 4028 lustrando,
747 3949 859 4030 capide
880 3969 946 4012 cun
964 3969 1059 4030 prece
1079 3949 1194 4030 facito.
1238 3947 1413 4032 Postquam
1434 3951 1680 4025 incantationem
1698 3957 1871 4036 peregeris.
1968 3995 1977 4007 ι
2063 3934 2070 3943 ’

153 4075 213 4152 IV,
225 4074 258 4149 b,
270 4075 310 4137 31
323 4091 369 4153 sq.
394 4089 470 4132 saun
490 4064 601 4154 asban
621 4065 813 4153 πεσεντρεμ
833 4087 933 4153 petra
954 4067 1160 4154 coaptandis:
1183 4089 1278 4149 εσμικ
1298 4038 1462 4149 Γεσζτιζαμ
1482 4090 1599 4156 pexae:

399 4187 473 4250 inde
493 4190 581 4250 socio
623 4186 810 4250 lustramine
830 4184 935 4266 facito
955 4187 1167 4250 stabulatiuo:
1188 4191 1223 4250 in
1245 4207 1282 4250 eo
1303 4186 1450 4251 libamine
1471 4186 1595 4269 facita:
1639 4180 1643 4186 ⁴

152 4310 215 4387 IV,
227 4309 368 4389 b‚32sq.
392 4303 534 4393 εκριπεῤ
558 4306 671 4380 (beata,
693 4300 842 4385 amuired
863 4304 1005 4368 laetave
1027 4324 1142 4390 pesse:
1435 4287 1439 4294 ¹

396 4443 458 4504 pro
480 4442 554 4485 aree
573 4423 674 4500 Fisiu,
694 4442 756 4502 pro
779 4435 849 4484 tota
868 4423 1008 4503 Iguvino
1028 4420 1149 4503 facito:

153 4546 216 4624 IV,
228 4547 261 4623 b,
271 4546 312 4610 3³
322 4563 370 4624 sq.
391 4538 551 4630 νερτρεκε
571 4539 658 4630 nepa,
680 4538 803 4628 καπιρε
824 4535 935 4627 asban
952 4525 1073 4624 petae:
1096 4560 1177 4604 aare
1198 4558 1307 4624 petas.
1356 4541 1435 4606 Ant
1537 4539 1650 4630 σερθφ
1712 4538 1875 4627 nebesac,

43 4732 46 4744 ,
153 4667 197 4727 ad
216 4665 378 4729 sinistrant
399 4659 579 4736 lustrando,
603 4660 715 4741 capide
736 4679 803 4722 eum
821 4678 915 4741 prece
935 4657 1058 4739 tacitos
1078 4665 1165 4739 pone'
1181 4658 1296 4736 facito.
1318 4657 1492 4743 Postquam
1507 4658 1682 4723 sodalibus
1697 4664 1875 4744 peregeris,

153 4781 369 4863 lV,b‚34sq.
393 4797 471 4841 sven
496 4775 671 4862 dannaba
733 4776 812 4863 ερες
872 4796 954 4855 atre,
997 4772 1099 4876 §eben
1162 4780 1319 4858 nepetae,
1361 4775 1463 4866 ξερεῳ
1565 4798 1689 4861 aspere
1721 4799 1874 4863 neortpe.

297 4899 372 4962 inde
391 4915 547 4980 agnarum
567 4898 815 4962 incantationem
835 4896 948 4976 dicito,
970 4893 1115 4959 uerbenis
1136 4894 1305 4974 cumulato,
1327 4897 1364 4959 in
1384 4894 1528 4960 satem
1548 4894 1700 4962 uenisse
1717 4908 1875 4979 precator.

1585 5058 1633 5124 4*
