4364 5754
190 753 349 840 iguvinis.
390 750 555 812 Ternas-io
576 751 683 837 lgltur
702 765 841 810 numero
856 742 976 810 Umbri
996 744 1133 810 eandem
1153 749 1224 810 vim
1243 751 1406 836 magicam
1427 750 1469 814 ad
1490 755 1699 820 lustrandum
1719 760 1919 844 uibueruut,

189 891 287 953 quam
309 865 515 956 epudVirg.
539 866 608 931 Ecl.
632 863 729 943 VIII,
752 867 791 932 73
812 885 859 947 sq.
882 863 921 926 A.
945 864 1007 943 VI,
1029 868 1100 931 229.
1125 864 1275 950 Propert.
1300 866 1362 945 IV,
1384 871 1416 947 8,
1438 871 1488 936 86.
1521 871 1648 936 Tibull.
1671 875 1699 954 I,
1719 880 1752 955 ὅ,
1775 883 1823 944 ll.
1856 880 1920 961 lv,

188 993 219 1064 6,
245 993 292 1055 14.
316 986 412 1052 Ovid.
436 986 486 1049 Μ.
510 982 590 1062 VII,
613 986 683 1049 153.
706 984 778 1048 261.
813 982 1028 1059 observatam¹
1043 981 1205 1046 videmus.
1248 982 1305 1046 Sic
1333 987 1369 1046 in
1389 985 1555 1071 Apollinis
1577 993 1715 1056 oraculo
1736 993 1877 1059 elicitur:

519 1136 641 1224 Τρεῖς
660 1131 721 1218 μὲν
742 1128 968 1215 ἐπιχθονίοις,
990 1138 1105 1223 τρεῖς
1126 1131 1158 1202 d'
1181 1129 1352 1224 ἐρανίοιοι
1371 1140 1495 1220 θεοῖσι,

518 1246 651 1341 europi
671 1250 732 1336 μὲν
753 1243 921 1340 α’(ιανίοις,
940 1246 1146 1334 χθονίοιςιί
1171 1252 1338 1338 ἐναλίγκια
1356 1255 1457 1345 χροιῇ

520 1371 594 1437 Τῶν
612 1362 779 1453 χθονίων,
801 1364 928 1460 διάειρο
949 1372 1071 1459 τριχῆ
1090 1365 1214 1451 θυσίας
1235 1368 1350 1463 ἑναρίζ
1394 1422 1401 1438 .

190 1529 232 1590 At
264 1527 352 1612 apud
371 1529 508 1590 Livium
529 1525 713 1606 xx11‚=1o.
746 1537 820 1612 post
849 1524 976 1588 cladem
1009 1525 1097 1610 apud
1128 1527 1239 1590 lacum
1260 1529 1491 1590 Trasimenum
1519 1543 1687 1616 acceptam
1713 1554 1780 1597 uon
1809 1539 1917 1604 solum

188 1648 431 1711 lectisternium
460 1666 522 1730 per
553 1644 738 1708 triduum
767 1645 935 1722 habitum,
968 1641 1025 1733 sed
1055 1647 1155 1707 etiarn
1183 1645 1254 1708 ludi
1275 1651 1387 1735 magni
1408 1650 1479 1710 voti
1501 1651 1588 1710 aeris
1609 1657 1815 1715 trecentis
1836 1659 1917 1719 tri-

186 1770 306 1854 ginta
326 1766 465 1828 tribus
487 1764 654 1841 millibus,
687 1766 898 1826 trecentis
920 1764 1103 1849 triginta
1124 1762 1281 1842 tribus,
1314 1765 1488 1825 triente:
1520 1776 1693 1851 praeterea
1714 1768 1820 1833 bubus
1840 1774 1918 1838 Jovi

185 1885 406 1960 trecentis,
438 1881 554 1943 multis
582 1882 657 1942 aliis
679 1875 766 1940 divis
787 1878 894 1940 bubus
915 1877 1019 1957 albis,
1060 1889 1157 1962 atque
1179 1882 1297 1942 ceteris
1319 1880 1446 1944 hostiis.
1490 1881 1600 1947 Notus
1622 1896 1671 1949 est
1690 1881 1830 1952 Ausonii
1849 1896 1919 1980 gri-

184 1999 267 2083 phus
289 2001 431 2062 ternarii
451 2001 583 2061 numeri
603 1995 711 2079 Edyll.
733 1995 813 2075 XL,
842 1998 879 2057 in
899 2018 965 2079 quo
987 2000 1077 2059 inter
1097 1998 1164 2059 alia
1183 2018 1216 2060 v.
1239 2000 1291 2064 34.
1314 2000 1426 2060 trina
1447 2000 1631 2065 Terentino
1653 2004 1818 2070 celebrata
1838 2012 1918 2073 tri-

185 2121 324 2181 noctia
354 2116 433 2179 ludo
465 2125 710 2193 memorantur,
742 2116 821 2196 quia
853 2111 925 2175 ludi
958 2115 1138 2194 seculares,
1170 2117 1265 2178 Festo
1297 2127 1331 2179 et
1349 2116 1481 2180 Acrone
1512 2120 1547 2181 in
1568 2120 1654 2183 Hor.
1678 2122 1713 2185 0.
1740 2122 1775 2189 S.
1795 2127 1837 2192 23
1867 2148 1916 2213 sq.

184 2235 332 2314 testibus,
354 2239 458 2298 ternis
479 2234 594 2297 diebus
615 2255 653 2297 ac
674 2235 827 2297 noctibus
848 2232 891 2296 ad
911 2232 1120 2296 lustrandum
1141 2234 1300 2319 populum
1322 2244 1355 2297 et
1375 2237 1658 2300 averruncandam
1678 2238 1817 2304 deorum
1831 2246 1918 2309 iram

184 2352 385 2443 agebantur:
408 2374 469 2416 nec
489 2357 576 2431 scio,
598 2373 640 2414 an
661 2351 780 2415 literae
800 2352 839 2413 A.
864 2349 957 2414 000.
981 2352 1113 2415 tabulae
1134 2355 1291 2436 septimae
1311 2352 1515 2439 subscriptae
1536 2352 1578 2415 ad
1598 2358 1725 2443 ingenti
1746 2359 1918 2429 redeuntia

183 2473 294 2534 secula
316 2473 424 2537 lustro
445 2472 547 2535 Mart.
571 2472 684 2559 Epigr.
706 2470 769 2551 IV,
792 2475 821 2543 I.
844 2479 1004 2556 spectent.

347 2645 399 2708 20.
441 2642 639 2706 Numeralia
665 2643 878 2706 substantivis
905 2639 1102 2729 plerumque
1130 2642 1302 2722 anteponi,
1319 2658 1321 2662 ⁴
1338 2640 1446 2705 τοῖα
1471 2638 1580 2730 seoda
1609 2654 1642 2707 et
1671 2641 1787 2728 νριια
1809 2645 1917 2732 seoda

183 2759 212 2843 §·
237 2765 285 2825 lo.
309 2759 445 2826 docent:
467 2771 713 2847 postponuntur
734 2771 844 2822 tamen
865 2755 1052 2831 interdum,
1073 2756 1104 2814 si
1123 2754 1180 2815 vel
1200 2757 1382 2838 composita
1402 2768 1490 2836 sunt,
1511 2769 1551 2821 ut
1571 2759 1763 2825 Fratrum
1784 2764 1918 2829 setes

182 2883 247 2941 sio
267 2878 472 2942 desendet
491 2878 569 2956 VII,
592 2879 625 2956 b,
646 2881 694 2955 2.,
717 2877 772 2938 vel
793 2872 887 2936 aliud
906 2892 1028 2936 nomen
1049 2874 1212 2956 sequitur,
1234 2882 1273 2934 ut
1294 2873 1338 2952 ΙΙ,
1361 2878 1401 2941 17
1415 2896 1462 2958 sq.
1485 2875 1605 2956 σοπλος
1631 2881 1810 2959 alacres
1827 2882 1918 2969 τρις

184 2995 260 3074 καξι
279 3016 413 3062 eccene
432 2999 593 3080 scriptum
608 3005 669 3073 est,
691 2997 754 3057 etsi
772 2993 924 3076 sequitur
939 2989 1111 3081 oebalides
1133 2986 1225 3076 ετρες
1245 3011 1337 3078 ιρις
1357 2993 1535 3071 clausae
1556 3016 1702 3078 octena,
1724 2998 1917 3091 σοφιρακλο

183 3114 319 3192 serg
350 3117 527 3191 αίεςνος
559 3132 719 3178 orostrae.
772 3109 830 3174 Sic
846 3109 914 3189 IV,
935 3128 965 3190 a,
988 3112 1029 3174 42
1049 3130 1096 3192 sq.
1131 3127 1199 3194 οαφ
1231 3108 1357 3173 tFeuo
1387 3109 1457 3199 ιρο
1485 3111 1637 3203 eusdem
1669 3134 1755 3202 spese
1776 3118 1916 3206 legitur3

185 3243 301 3296 notatu
320 3251 402 3296 vero
424 3230 560 3319 dignum
581 3241 647 3310 est,
680 3228 768 3314 quod
789 3229 993 3307 numeralia,
1025 3247 1109 3310 quae
1140 3237 1258 3310 quarta
1289 3228 1400 3290 tabula
1420 3231 1609 3294 nominibus
1630 3236 1698 3297 suis
1718 3242 1915 3323 anteposuit,

183 3355 219 3414 in
239 3353 361 3414 Latina
389 3353 556 3436 scriptura
582 3349 764 3434 postposita
784 3351 869 3425 sint,
902 3365 941 3409 ea
960 3354 1072 3408 tamen
1093 3342 1302 3425 diversitate,
1336 3366 1419 3429 quae
1450 3345 1492 3410 ad
1523 3361 1648 3414 rectam
1677 3353 1917 3419 vocabulorum

183 3473 492 3556 interpretationem
513 3472 623 3530 facere
643 3465 788 3532 videtur.
838 3463 926 3526 Nam
946 3455 1087 3552 legimus
1109 3461 1243 3546 quidem
1269 3466 1304 3526 si
1332 3466 1465 3527 comia
1485 3469 1566 3529 trif
1583 3468 1645 3548 VI,
1667 3469 1699 3549 b,
1720 3474 1772 3539 58.
1806 3484 1840 3537 et
1859 3478 1920 3536 sit

184 3588 289 3650 filiu
321 3591 406 3651 tris
423 3587 486 3666 VI,
509 3607 540 3665 a,
561 3589 605 3664 3.,
628 3585 797 3647 utvitlu
830 3593 929 3645 torn
959 3581 1123 3660 triiVI,
1145 3602 1176 3662 a,
1198 3585 1249 3649 43.
1274 3584 1400 3659 et4503
1433 3581 1490 3647 sed
1532 3585 1606 3648 bui
1635 3590 1718 3649 trit
1751 3591 1915 3654 calersu
2017 3582 2020 3587 ’

184 3707 451 3787 Vl,a,19.,ut
481 3706 605 3768 abrol
632 3705 730 3782 trit,
763 3702 903 3764 herisi
934 3701 1044 3778 rofu,
1077 3699 1221 3761 beriei
1253 3702 1352 3785 peiu
1377 3699 1457 3780 VII,
1478 3721 1508 3779 a,
1529 3704 1560 3767 3.
1589 3713 1624 3765 et
1653 3723 1780 3786 porca
1812 3711 1913 3788 tris,

185 3828 278 3888 rote
301 3834 367 3888 ote
387 3828 484 3909 peia
504 3822 586 3902 VII,¹
605 3840 636 3901 a,
658 3823 690 3885 6.
731 3818 901 3884 Videntur
928 3820 1035 3905 igitur
1062 3820 1098 3878 si
1119 3818 1254 3879 comia
1275 3827 1308 3880 et
1326 3821 1388 3879 sii
1406 3819 1508 3881 filiu
1529 3816 1691 3898 ejusmodi
1712 3822 1915 3889 substantiva

184 3962 253 4006 esse
274 3946 426 4021 nomina,
459 3944 549 4004 inter
575 3958 659 4022 quae
684 3938 854 4000 numerale
880 3937 985 3998 inseri
1006 3935 1179 4017 nequibat,
1211 3943 1251 3995 ut
1270 3935 1381 3996 vitlu
1402 3944 1516 4013 toru,
1549 3936 1667 4017 quibus
1689 3937 1915 4008 Romanorum

185 4062 346 4125 vitulus
368 4071 533 4136 taurus,
559 4056 736 4119 Gallorum
757 4055 917 4116 bitolus
943 4064 1041 4116 taru
1061 4049 1256 4136 respondet,
1286 4052 1450 4115 calersu
1471 4062 1586 4115 contra
1609 4055 1757 4120 colorem
1777 4059 1913 4142 indicat,

184 4182 272 4241 sicut
292 4180 389 4239 roiu
410 4178 578 4260 etpeiu,
610 4172 730 4257 quibus
750 4171 975 4234 Romanorum
995 4171 1115 4256 rufos
1147 4190 1172 4232 s.
1196 4169 1323 4232 ruber
1343 4173 1543 4233 etfurvus
1574 4193 1600 4235 e.
1623 4176 1780 4256 fuscus,
1812 4178 1914 4246 Grae·

184 4313 301 4360 corum
331 4291 476 4381 ἐρυθρὸς
508 4304 542 4358 et
572 4287 676 4381 φαιὸς
707 4288 802 4353 color
840 4287 1026 4374 respondet
1091 4289 1182 4350 Hinc
1213 4287 1324 4352 verbis
1351 4290 1387 4349 si
1419 4292 1556 4352 cornia
1586 4312 1659 4355 sues
1688 4298 1813 4360 scrofas
1839 4293 1914 4377 (ι’ίας

184 4407 395 4504 χρομφάδας)
428 4423 463 4475 et
493 4414 552 4474 sit
580 4411 680 4472 filiu
706 4426 780 4471 sues
811 4424 926 4470 verr-es
946 4400 1021 4485 (ίας
1045 4400 1217 4497 χοιρίονς),
1248 4406 1323 4469 bui
1339 4408 1507 4472 oalersu
1527 4429 1609 4474 vero
1630 4411 1732 4475 boves
1758 4404 1913 4480 candidos

185 4536 277 4614 (βοῦς
297 4523 484 4620 φαλαοούς)
504 4528 670 4617 designari
690 4537 786 4611 puto:
807 4523 981 4588 Umbriam
1001 4526 1092 4586 euim
1111 4534 1221 4587 vastos
1243 4534 1276 4587 et
1296 4524 1389 4587 albos
1410 4525 1511 4590 boves
1531 4546 1783 4614 progenerasse,
1811 4531 1912 4595 Colu-

186 4651 285 4713 mella
305 4648 369 4728 VI,
393 4653 422 4728 l,
444 4651 476 4712 2.
509 4656 656 4710 testatur.
710 4640 864 4724 Ejusdem
895 4642 1018 4706 coloris
1049 4641 1150 4705 boves
1181 4654 1339 4706 mactatos
1360 4654 1460 4727 puto,
1493 4647 1689 4730 cuicumque
1711 4646 1773 4711 deo
1794 4669 1913 4714 nomen

186 4766 371 4832 Grabovi
402 4765 546 4830 inditum
577 4775 645 4843 est,
677 4765 738 4826 etsi
771 4781 846 4824 cum
876 4758 981 4825 Jove
1011 4757 1195 4824 Grabovi
1223 4771 1258 4826 et
1277 4760 1418 4845 Treba
1447 4763 1572 4825 Iovia
1592 4761 1767 4827 Claudiani
1788 4766 1829 4830 de
1849 4768 1909 4832 vl.

187 4906 274 4949 cons.
298 4886 428 4949 Honor.
452 4908 484 4948 a.
507 4884 579 4950 328.
603 4883 846 4968 purificumque
865 4879 983 4943 Iovem
1005 4877 1222 4963 Triviamque
1243 4898 1417 4962 comparo,
1440 4899 1583 4962 quorum
1604 4883 1715 4946 locun
1734 4886 1772 4946 in
1793 4885 1912 4951 Roma-

1417 4990 1462 5063 3'*
